% Encoding: UTF-8

@Article{Voloshin:2010ut,
  author  = {Voloshin, Sergei A.},
  title   = {{Testing the Chiral Magnetic Effect with Central U+U collisions}},
  doi     = {10.1103/physrevlett.105.172301},
  issn    = {0031-9007},
  pages   = {172301},
  volume  = {105},
  journal = {Phys. Rev. Lett.},
  year    = {2010},
}

@Article{Wang:2018ygc,
  author  = {Wang, Fu-Qiang and Zhao, Jie},
  title   = {{Search for the chiral magnetic effect in heavy ion collisions}},
  doi     = {10.1007/s41365-018-0520-z},
  number  = {12},
  pages   = {179},
  volume  = {29},
  journal = {Nucl. Sci. Tech.},
  year    = {2018},
}

@PhdThesis{Liu:2020ymh,
  author        = {Liu, Yu-Chen and Huang, Xu-Guang},
  title         = {{Anomalous chiral transports and spin polarization in heavy-ion collisions}},
  doi           = {10.1007/s41365-020-00764-z},
  eprint        = {2003.12482},
  pages         = {56},
  archiveprefix = {arXiv},
  journal       = {Nucl. Sci. Tech.},
  number        = {6},
  primaryclass  = {nucl-th},
  volume        = {31},
  year          = {2020},
}

@Article{Xu:2018fog,
  author  = {Xu, Zhi-Wan and Zhang, Song and Ma, Yu-Gang and Chen, Jin-Hui and Zhong, Chen},
  title   = {{Influence of $\alpha $ -clustering nuclear structure on the rotating collision system}},
  doi     = {10.1007/s41365-018-0523-9},
  number  = {12},
  pages   = {186},
  volume  = {29},
  journal = {Nucl. Sci. Tech.},
  year    = {2018},
}

%%% chirality reviews BEGIN

@Article{Bzdak:2019pkr,
  author        = {Adam Bzdak and ShinIchi Esumi and Volker Koch and Jinfeng Liao and Mikhail Stephanov and Nu Xu},
  title         = {Mapping the phases of quantum chromodynamics with beam energy scan},
  doi           = {10.1016/j.physrep.2020.01.005},
  eprint        = {1906.00936},
  issn          = {0370-1573},
  pages         = {1-87},
  volume        = {853},
  archiveprefix = {arXiv},
  primaryclass  = {nucl-th},
  slaccitation  = {%%CITATION = ARXIV:1906.00936;%%},
  year          = {2020},
}

@Article{Kharzeev:2015znc,
  author        = {Kharzeev, D. E. and Liao, J. and Voloshin, S. A. and Wang, G.},
  title         = {{Chiral magnetic and vortical effects in high-energy nuclear collisions—A status report}},
  doi           = {10.1016/j.ppnp.2016.01.001},
  eprint        = {1511.04050},
  pages         = {1-28},
  volume        = {88},
  archiveprefix = {arXiv},
  journal       = {Prog. Part. Nucl. Phys.},
  primaryclass  = {hep-ph},
  slaccitation  = {%%CITATION = ARXIV:1511.04050;%%},
  year          = {2016},
}

@Article{Li:2020dwr,
  author        = {Wei Li and Gang Wang},
  journaltitle  = {Annual Review of Nuclear and Particle Science},
  title         = {Chiral Magnetic Effects in Nuclear Collisions},
  doi           = {10.1146/annurev-nucl-030220-065203},
  eprint        = {2002.10397},
  issn          = {0163-8998},
  pages         = {293-321},
  volume        = {70},
  archiveprefix = {arXiv},
  primaryclass  = {nucl-ex},
  slaccitation  = {%%CITATION = ARXIV:2002.10397;%%},
  year          = {2020},
}

@Article{Zhao:2019hta,
  author        = {Zhao, Jie and Wang, Fuqiang},
  title         = {{Experimental searches for the chiral magnetic effect in heavy-ion collisions}},
  doi           = {10.1016/j.ppnp.2019.05.001},
  eprint        = {1906.11413},
  pages         = {200-236},
  volume        = {107},
  archiveprefix = {arXiv},
  journal       = {Prog. Part. Nucl. Phys.},
  primaryclass  = {nucl-ex},
  slaccitation  = {%%CITATION = ARXIV:1906.11413;%%},
  year          = {2019},
}

@Article{Hattori:2016emy,
  author        = {Hattori, Koichi and Huang, Xu-Guang},
  title         = {{Novel quantum phenomena induced by strong magnetic fields in heavy-ion collisions}},
  doi           = {10.1007/s41365-016-0178-3},
  eprint        = {1609.00747},
  number        = {2},
  pages         = {26},
  volume        = {28},
  archiveprefix = {arXiv},
  journal       = {Nucl. Sci. Tech.},
  primaryclass  = {nucl-th},
  reportnumber  = {RBRC-1202},
  slaccitation  = {%%CITATION = ARXIV:1609.00747;%%},
  year          = {2017},
}

@Article{Fukushima:2018grm,
  author        = {Fukushima, Kenji},
  title         = {{Extreme matter in electromagnetic fields and rotation}},
  doi           = {10.1016/j.ppnp.2019.04.001},
  eprint        = {1812.08886},
  pages         = {167-199},
  volume        = {107},
  archiveprefix = {arXiv},
  journal       = {Prog. Part. Nucl. Phys.},
  primaryclass  = {hep-ph},
  slaccitation  = {%%CITATION = ARXIV:1812.08886;%%},
  year          = {2019},
}

@Article{Miransky:2015ava,
  author        = {Miransky, Vladimir A. and Shovkovy, Igor A.},
  title         = {{Quantum field theory in a magnetic field: From quantum chromodynamics to graphene and Dirac semimetals}},
  doi           = {10.1016/j.physrep.2015.02.003},
  eprint        = {1503.00732},
  pages         = {1-209},
  volume        = {576},
  archiveprefix = {arXiv},
  journal       = {Phys. Rept.},
  primaryclass  = {hep-ph},
  slaccitation  = {%%CITATION = ARXIV:1503.00732;%%},
  year          = {2015},
}
%%% chirality reviews END

@Article{Bloczynski:2012en,
  author        = {Bloczynski, John and Huang, Xu-Guang and Zhang, Xilin and Liao, Jinfeng},
  title         = {{Azimuthally fluctuating magnetic field and its impacts on observables in heavy-ion collisions}},
  doi           = {10.1016/j.physletb.2012.12.030},
  eprint        = {1209.6594},
  pages         = {1529-1535},
  volume        = {B718},
  archiveprefix = {arXiv},
  journal       = {Phys. Lett.},
  primaryclass  = {nucl-th},
  slaccitation  = {%%CITATION = ARXIV:1209.6594;%%},
  year          = {2013},
}

@Article{Chirality,
  author    = {Huan Zhong Huang and Jinfeng Liao and Pengfei Zhuang},
  title     = {Workshop on Chirality, Vorticity, and Magnetic Field in Heavy Ion Collisions},
  doi       = {10.1080/10619127.2019.1643171},
  eprint    = {https://doi.org/10.1080/10619127.2019.1643171},
  number    = {3},
  pages     = {33-34},
  url       = {https://doi.org/10.1080/10619127.2019.1643171},
  volume    = {29},
  journal   = {Nuclear Physics News},
  publisher = {Taylor & Francis},
  year      = {2019},
}



%%% contains utf-8, see: http://inspirehep.net/info/faq/general#utf8
%%% add \usepackage[utf8]{inputenc} to your latex preamble

@Article{Huang:2017tsq,
  author        = {Huang, Anping and Jiang, Yin and Shi, Shuzhe and Liao, Jinfeng and Zhuang, Pengfei},
  title         = {{Out-of-Equilibrium Chiral Magnetic Effect from Chiral Kinetic Theory}},
  doi           = {10.1016/j.physletb.2017.12.025},
  eprint        = {1703.08856},
  pages         = {177-183},
  volume        = {B777},
  archiveprefix = {arXiv},
  journal       = {Phys. Lett.},
  primaryclass  = {hep-ph},
  slaccitation  = {%%CITATION = ARXIV:1703.08856;%%},
  year          = {2018},
}


%%% AVFD

@Article{Jiang:2016wve,
  author        = {Jiang, Yin and Shi, Shuzhe and Yin, Yi and Liao, Jinfeng},
  title         = {{Quantifying the chiral magnetic effect from anomalous-viscous fluid dynamics}},
  doi           = {10.1088/1674-1137/42/1/011001},
  eprint        = {1611.04586},
  number        = {1},
  pages         = {011001},
  volume        = {C42},
  archiveprefix = {arXiv},
  journal       = {Chin. Phys.},
  primaryclass  = {nucl-th},
  slaccitation  = {%%CITATION = ARXIV:1611.04586;%%},
  year          = {2018},
}

@PhdThesis{Shi:2017cpu,
  author        = {Shi, Shuzhe and Jiang, Yin and Lilleskov, Elias and Liao, Jinfeng},
  title         = {{Anomalous Chiral Transport in Heavy Ion Collisions from Anomalous-Viscous Fluid Dynamics}},
  doi           = {10.1016/j.aop.2018.04.026},
  eprint        = {1711.02496},
  pages         = {50-72},
  archiveprefix = {arXiv},
  journal       = {Annals Phys.},
  primaryclass  = {nucl-th},
  slaccitation  = {%%CITATION = ARXIV:1711.02496;%%},
  volume        = {394},
  year          = {2018},
}

@Article{Shi:2019wzi,
  author        = {Shuzhe Shi and Hui Zhang and Defu Hou and Jinfeng Liao},
  date          = {2019-10-30},
  journaltitle  = {Phys. Rev. Lett. 125, 242301 (2020)},
  title         = {Signatures of Chiral Magnetic Effect in the Collisions of Isobars},
  doi           = {10.1103/PhysRevLett.125.242301},
  eprint        = {1910.14010},
  eprintclass   = {nucl-th},
  eprinttype    = {arXiv},
  abstract      = {Quantum anomaly is a fundamental feature of chiral fermions. In chiral materials the microscopic anomaly leads to nontrivial macroscopic transport processes such as the Chiral Magnetic Effect (CME), which has been in the spotlight lately across disciplines of physics. The quark-gluon plasma (QGP) created in relativistic nuclear collisions provides the unique example of a chiral material consisting of intrinsically relativistic chiral fermions. Potential discovery of CME in QGP is of utmost significance, with extensive experimental searches carried out over the past decade. A decisive new collider experiment, dedicated to detecting CME in the collisions of isobars, was performed in 2018 with analysis now underway. In this paper, we develop the state-of-the-art theoretical tool for describing CME phenomenon in these collisions and propose an appropriate isobar subtraction strategy for best background removal. Based on that, we make quantitative predictions for signatures of CME in the collisions of isobars. A new and robust observable that is independent of axial charge uncertainty -- the ratio between isobar-subtracted $\gamma-$ and $\delta-$ correlators, is found to be $- ( 0.41 \pm 0.27 )$ for event-plane measurement and $ - ( 0.90 \pm 0.45 )$ for reaction-plane measurement.},
  archiveprefix = {arXiv},
  file          = {:http\://arxiv.org/pdf/1910.14010v2:PDF},
  keywords      = {nucl-th, hep-ph, nucl-ex},
  primaryclass  = {nucl-th},
  slaccitation  = {%%CITATION = ARXIV:1910.14010;%%},
  year          = {2019},
}


%%% AVFD

%%% Dynamical magnetic field

@Article{Gursoy:2018yai,
  author        = {Gürsoy, Umut and Kharzeev, Dmitri and Marcus, Eric and Rajagopal, Krishna and Shen, Chun},
  title         = {{Charge-dependent Flow Induced by Magnetic and Electric Fields in Heavy Ion Collisions}},
  doi           = {10.1103/PhysRevC.98.055201},
  eprint        = {1806.05288},
  number        = {5},
  pages         = {055201},
  volume        = {C98},
  archiveprefix = {arXiv},
  journal       = {Phys. Rev.},
  primaryclass  = {hep-ph},
  slaccitation  = {%%CITATION = ARXIV:1806.05288;%%},
  year          = {2018},
}

@Article{Inghirami:2019mkc,
  author        = {Inghirami, Gabriele and Mace, Mark and Hirono, Yuji and Del Zanna, Luca and Kharzeev, Dmitri E. and Bleicher, Marcus},
  title         = {{Magnetic fields in heavy ion collisions: flow and charge transport}},
  eprint        = {1908.07605},
  archiveprefix = {arXiv},
  primaryclass  = {hep-ph},
  slaccitation  = {%%CITATION = ARXIV:1908.07605;%%},
  year          = {2019},
}

@Article{Guo:2019joy,
  author        = {Guo, Yu and Shi, Shuzhe and Feng, Shengqin and Liao, Jinfeng},
  title         = {{Magnetic Field Induced Polarization Difference between Hyperons and Anti-hyperons}},
  doi           = {10.1016/j.physletb.2019.134929},
  eprint        = {1905.12613},
  pages         = {134929},
  volume        = {B798},
  archiveprefix = {arXiv},
  journal       = {Phys. Lett.},
  primaryclass  = {nucl-th},
  slaccitation  = {%%CITATION = ARXIV:1905.12613;%%},
  year          = {2019},
}

@Article{Guo:2019mgh,
  author        = {Guo, Xingyu and Liao, Jinfeng and Wang, Enke},
  title         = {{Magnetic Field in the Charged Subatomic Swirl}},
  doi           = {10.1038/s41598-020-59129-6},
  eprint        = {1904.04704},
  number        = {1},
  pages         = {2196},
  volume        = {10},
  archiveprefix = {arXiv},
  journal       = {Sci. Rep.},
  primaryclass  = {hep-ph},
  slaccitation  = {%%CITATION = ARXIV:1904.04704;%%},
  year          = {2020},
}

@Article{McLerran:2013hla,
  author        = {McLerran, L. and Skokov, V.},
  title         = {{Comments About the Electromagnetic Field in Heavy-Ion Collisions}},
  doi           = {10.1016/j.nuclphysa.2014.05.008},
  eprint        = {1305.0774},
  pages         = {184-190},
  volume        = {A929},
  archiveprefix = {arXiv},
  journal       = {Nucl. Phys.},
  primaryclass  = {hep-ph},
  reportnumber  = {BNL-100762-2013-JA},
  slaccitation  = {%%CITATION = ARXIV:1305.0774;%%},
  year          = {2014},
}

@Article{Tuchin:2015oka,
  author        = {Tuchin, Kirill},
  title         = {{Initial value problem for magnetic fields in heavy ion collisions}},
  doi           = {10.1103/PhysRevC.93.014905},
  eprint        = {1508.06925},
  number        = {1},
  pages         = {014905},
  volume        = {C93},
  archiveprefix = {arXiv},
  journal       = {Phys. Rev.},
  primaryclass  = {hep-ph},
  slaccitation  = {%%CITATION = ARXIV:1508.06925;%%},
  year          = {2016},
}

@Article{Inghirami:2016iru,
  author        = {Inghirami, Gabriele and Del Zanna, Luca and Beraudo, Andrea and Moghaddam, Mohsen Haddadi and Becattini, Francesco and Bleicher, Marcus},
  title         = {{Numerical magneto-hydrodynamics for relativistic nuclear collisions}},
  doi           = {10.1140/epjc/s10052-016-4516-8},
  eprint        = {1609.03042},
  number        = {12},
  pages         = {659},
  volume        = {C76},
  archiveprefix = {arXiv},
  journal       = {Eur. Phys. J.},
  primaryclass  = {hep-ph},
  slaccitation  = {%%CITATION = ARXIV:1609.03042;%%},
  year          = {2016},
}

@Article{Roy:2017yvg,
  author        = {Roy, Victor and Pu, Shi and Rezzolla, Luciano and Rischke, Dirk H.},
  title         = {{Effect of intense magnetic fields on reduced-MHD evolution in $\sqrt{s_{\rm NN}}$ = 200 GeV Au+Au collisions}},
  doi           = {10.1103/PhysRevC.96.054909},
  eprint        = {1706.05326},
  number        = {5},
  pages         = {054909},
  volume        = {C96},
  archiveprefix = {arXiv},
  journal       = {Phys. Rev.},
  primaryclass  = {nucl-th},
  slaccitation  = {%%CITATION = ARXIV:1706.05326;%%},
  year          = {2017},
}

@Article{Pu:2016ayh,
  author        = {Pu, Shi and Roy, Victor and Rezzolla, Luciano and Rischke, Dirk H.},
  title         = {{Bjorken flow in one-dimensional relativistic magnetohydrodynamics with magnetization}},
  doi           = {10.1103/PhysRevD.93.074022},
  eprint        = {1602.04953},
  number        = {7},
  pages         = {074022},
  volume        = {D93},
  archiveprefix = {arXiv},
  journal       = {Phys. Rev.},
  primaryclass  = {nucl-th},
  slaccitation  = {%%CITATION = ARXIV:1602.04953;%%},
  year          = {2016},
}



%%% contains utf-8, see: https://inspirehep.net/info/faq/general#utf8
%%% add \usepackage[utf8]{inputenc} to your latex preamble

@Article{Muller:2018ibh,
  author        = {Müller, Berndt and Schäfer, Andreas},
  title         = {{Chiral magnetic effect and an experimental bound on the late time magnetic field strength}},
  doi           = {10.1103/PhysRevD.98.071902},
  eprint        = {1806.10907},
  number        = {7},
  pages         = {071902},
  volume        = {D98},
  archiveprefix = {arXiv},
  journal       = {Phys. Rev.},
  primaryclass  = {hep-ph},
  slaccitation  = {%%CITATION = ARXIV:1806.10907;%%},
  year          = {2018},
}


%%% Dynamical magnetic field

@Article{Copinger:2018ftr,
  author        = {Copinger, Patrick and Fukushima, Kenji and Pu, Shi},
  title         = {{Axial Ward identity and the Schwinger mechanism -- Applications to the real-time chiral magnetic effect and condensates}},
  doi           = {10.1103/PhysRevLett.121.261602},
  eprint        = {1807.04416},
  number        = {26},
  pages         = {261602},
  volume        = {121},
  archiveprefix = {arXiv},
  journal       = {Phys. Rev. Lett.},
  primaryclass  = {hep-th},
  slaccitation  = {%%CITATION = ARXIV:1807.04416;%%},
  year          = {2018},
}

@Article{Li:2014bha,
  author        = {Li, Qiang and Kharzeev, Dmitri E. and Zhang, Cheng and Huang, Yuan and Pletikosic, I. and Fedorov, A. V. and Zhong, R. D. and Schneeloch, J. A. and Gu, G. D. and Valla, T.},
  title         = {{Observation of the chiral magnetic effect in ZrTe5}},
  doi           = {10.1038/nphys3648},
  eprint        = {1412.6543},
  pages         = {550-554},
  volume        = {12},
  archiveprefix = {arXiv},
  journal       = {Nature Phys.},
  primaryclass  = {cond-mat.str-el},
  slaccitation  = {%%CITATION = ARXIV:1412.6543;%%},
  year          = {2016},
}

@Article{Armitage:2017cjs,
  author        = {Armitage, N. P. and Mele, E. J. and Vishwanath, Ashvin},
  title         = {{Weyl and Dirac Semimetals in Three Dimensional Solids}},
  doi           = {10.1103/RevModPhys.90.015001},
  eprint        = {1705.01111},
  number        = {1},
  pages         = {015001},
  volume        = {90},
  archiveprefix = {arXiv},
  journal       = {Rev. Mod. Phys.},
  primaryclass  = {cond-mat.str-el},
  slaccitation  = {%%CITATION = ARXIV:1705.01111;%%},
  year          = {2018},
}

@Article{Kharzeev:2019ceh,
  author        = {Kharzeev, Dmitri E. and Li, Qiang},
  title         = {{The Chiral Qubit: quantum computing with chiral anomaly}},
  eprint        = {1903.07133},
  archiveprefix = {arXiv},
  primaryclass  = {quant-ph},
  slaccitation  = {%%CITATION = ARXIV:1903.07133;%%},
  year          = {2019},
}

@Article{Chernodub:2019xjl,
  author        = {Chernodub, M. N. and Garaud, J. and Kharzeev, D. E.},
  title         = {{Chiral Magnetic Josephson junction: a base for low-noise superconducting qubits?}},
  eprint        = {1908.00392},
  archiveprefix = {arXiv},
  primaryclass  = {cond-mat.supr-con},
  slaccitation  = {%%CITATION = ARXIV:1908.00392;%%},
  year          = {2019},
}

@Article{Jiang:2016wvv,
  author        = {Jiang, Yin and Liao, Jinfeng},
  title         = {{Pairing Phase Transitions of Matter under Rotation}},
  doi           = {10.1103/PhysRevLett.117.192302},
  eprint        = {1606.03808},
  number        = {19},
  pages         = {192302},
  volume        = {117},
  archiveprefix = {arXiv},
  journal       = {Phys. Rev. Lett.},
  primaryclass  = {hep-ph},
  slaccitation  = {%%CITATION = ARXIV:1606.03808;%%},
  year          = {2016},
}

@Article{Zhang:2018ome,
  author        = {Zhang, Hui and Hou, Defu and Liao, Jinfeng},
  title         = {{Mesonic Condensation in Isospin Matter under Rotation}},
  eprint        = {1812.11787},
  archiveprefix = {arXiv},
  primaryclass  = {hep-ph},
  slaccitation  = {%%CITATION = ARXIV:1812.11787;%%},
  year          = {2018},
}

@Article{Mace:2016svc,
  author        = {Mace, M. and Schlichting, S. and Venugopalan, R.},
  title         = {{Off-equilibrium sphaleron transitions in the Glasma}},
  doi           = {10.1103/PhysRevD.93.074036},
  eprint        = {1601.07342},
  number        = {7},
  pages         = {074036},
  volume        = {D93},
  archiveprefix = {arXiv},
  journal       = {Phys. Rev.},
  primaryclass  = {hep-ph},
  slaccitation  = {%%CITATION = ARXIV:1601.07342;%%},
  year          = {2016},
}

@Article{Mace:2016shq,
  author        = {Mace, Mark and Mueller, Niklas and Schlichting, Sören and Sharma, Sayantan},
  title         = {{Non-equilibrium study of the Chiral Magnetic Effect from real-time simulations with dynamical fermions}},
  doi           = {10.1103/PhysRevD.95.036023},
  eprint        = {1612.02477},
  number        = {3},
  pages         = {036023},
  volume        = {D95},
  archiveprefix = {arXiv},
  journal       = {Phys. Rev.},
  primaryclass  = {hep-lat},
  reportnumber  = {INT-PUB-17-003},
  slaccitation  = {%%CITATION = ARXIV:1612.02477;%%},
  year          = {2017},
}

@Article{Lappi:2017skr,
  author        = {Lappi, Tuomas and Schlichting, Sören},
  title         = {{Linearly polarized gluons and axial charge fluctuations in the Glasma}},
  doi           = {10.1103/PhysRevD.97.034034},
  eprint        = {1708.08625},
  number        = {3},
  pages         = {034034},
  volume        = {D97},
  archiveprefix = {arXiv},
  journal       = {Phys. Rev.},
  primaryclass  = {hep-ph},
  slaccitation  = {%%CITATION = ARXIV:1708.08625;%%},
  year          = {2018},
}

@Article{Kharzeev:2001ev,
  author        = {Kharzeev, D. and Krasnitz, A. and Venugopalan, R.},
  title         = {{Anomalous chirality fluctuations in the initial stage of heavy ion collisions and parity odd bubbles}},
  doi           = {10.1016/S0370-2693(02)02630-8},
  eprint        = {hep-ph/0109253},
  pages         = {298-306},
  volume        = {B545},
  archiveprefix = {arXiv},
  journal       = {Phys. Lett.},
  primaryclass  = {hep-ph},
  reportnumber  = {BNL-NT-01-24},
  slaccitation  = {%%CITATION = HEP-PH/0109253;%%},
  year          = {2002},
}

@Article{Wang:2019moi,
  author        = {Wang, Ziyue and Guo, Xingyu and Shi, Shuzhe and Zhuang, Pengfei},
  title         = {{Mass Correction to Chiral Kinetic Equations}},
  doi           = {10.1103/PhysRevD.100.014015},
  eprint        = {1903.03461},
  number        = {1},
  pages         = {014015},
  volume        = {D100},
  archiveprefix = {arXiv},
  journal       = {Phys. Rev.},
  primaryclass  = {hep-ph},
  slaccitation  = {%%CITATION = ARXIV:1903.03461;%%},
  year          = {2019},
}

@Article{Huang:2018wdl,
  author        = {Huang, Anping and Shi, Shuzhe and Jiang, Yin and Liao, Jinfeng and Zhuang, Pengfei},
  title         = {{Complete and Consistent Chiral Transport from Wigner Function Formalism}},
  doi           = {10.1103/PhysRevD.98.036010},
  eprint        = {1801.03640},
  number        = {3},
  pages         = {036010},
  volume        = {D98},
  archiveprefix = {arXiv},
  journal       = {Phys. Rev.},
  primaryclass  = {hep-th},
  slaccitation  = {%%CITATION = ARXIV:1801.03640;%%},
  year          = {2018},
}

@Article{Gao:2018wmr,
  author        = {Gao, Jian-Hua and Liang, Zuo-Tang and Wang, Qun and Wang, Xin-Nian},
  title         = {{Disentangling covariant Wigner functions for chiral fermions}},
  doi           = {10.1103/PhysRevD.98.036019},
  eprint        = {1802.06216},
  number        = {3},
  pages         = {036019},
  volume        = {D98},
  archiveprefix = {arXiv},
  journal       = {Phys. Rev.},
  primaryclass  = {hep-ph},
  slaccitation  = {%%CITATION = ARXIV:1802.06216;%%},
  year          = {2018},
}

@Article{Gao:2019znl,
  author        = {Gao, Jian-Hua and Liang, Zuo-Tang},
  title         = {{Relativistic Quantum Kinetic Theory for Massive Fermions and Spin Effects}},
  doi           = {10.1103/PhysRevD.100.056021},
  eprint        = {1902.06510},
  number        = {5},
  pages         = {056021},
  volume        = {D100},
  archiveprefix = {arXiv},
  journal       = {Phys. Rev.},
  primaryclass  = {hep-ph},
  slaccitation  = {%%CITATION = ARXIV:1902.06510;%%},
  year          = {2019},
}

@Article{Sheng:2018jwf,
  author        = {Sheng, Xin-Li and Fang, Ren-Hong and Wang, Qun and Rischke, Dirk H.},
  title         = {{Wigner function and pair production in parallel electric and magnetic fields}},
  doi           = {10.1103/PhysRevD.99.056004},
  eprint        = {1812.01146},
  number        = {5},
  pages         = {056004},
  volume        = {D99},
  archiveprefix = {arXiv},
  journal       = {Phys. Rev.},
  primaryclass  = {hep-ph},
  reportnumber  = {ICTS-USTC-18-20},
  slaccitation  = {%%CITATION = ARXIV:1812.01146;%%},
  year          = {2019},
}

@Article{Weickgenannt:2019dks,
  author        = {Weickgenannt, Nora and Sheng, Xin-Li and Speranza, Enrico and Wang, Qun and Rischke, Dirk H.},
  title         = {{Kinetic theory for massive spin-1/2 particles from the Wigner-function formalism}},
  doi           = {10.1103/PhysRevD.100.056018},
  eprint        = {1902.06513},
  number        = {5},
  pages         = {056018},
  volume        = {D100},
  archiveprefix = {arXiv},
  journal       = {Phys. Rev.},
  primaryclass  = {hep-ph},
  slaccitation  = {%%CITATION = ARXIV:1902.06513;%%},
  year          = {2019},
}

@Article{Li:2019qkf,
  author        = {Li, Shiyong and Yee, Ho-Ung},
  title         = {{Quantum Kinetic Theory of Spin Polarization of Massive Quarks in Perturbative QCD: Leading Log}},
  doi           = {10.1103/PhysRevD.100.056022},
  eprint        = {1905.10463},
  number        = {5},
  pages         = {056022},
  volume        = {D100},
  archiveprefix = {arXiv},
  journal       = {Phys. Rev.},
  primaryclass  = {hep-ph},
  slaccitation  = {%%CITATION = ARXIV:1905.10463;%%},
  year          = {2019},
}

@Article{Liu:2018xip,
  author        = {Liu, Yu-Chen and Gao, Lan-Lan and Mameda, Kazuya and Huang, Xu-Guang},
  title         = {{Chiral kinetic theory in curved spacetime}},
  doi           = {10.1103/PhysRevD.99.085014},
  eprint        = {1812.10127},
  number        = {8},
  pages         = {085014},
  volume        = {D99},
  archiveprefix = {arXiv},
  journal       = {Phys. Rev.},
  primaryclass  = {hep-th},
  slaccitation  = {%%CITATION = ARXIV:1812.10127;%%},
  year          = {2019},
}

@Article{Mueller:2017arw,
  author        = {Mueller, Niklas and Venugopalan, Raju},
  title         = {{Worldline construction of a covariant chiral kinetic theory}},
  doi           = {10.1103/PhysRevD.96.016023},
  eprint        = {1702.01233},
  number        = {1},
  pages         = {016023},
  volume        = {D96},
  archiveprefix = {arXiv},
  journal       = {Phys. Rev.},
  primaryclass  = {hep-ph},
  slaccitation  = {%%CITATION = ARXIV:1702.01233;%%},
  year          = {2017},
}

@Article{Mueller:2017lzw,
  author        = {Mueller, Niklas and Venugopalan, Raju},
  title         = {{The chiral anomaly, Berry's phase and chiral kinetic theory, from world-lines in quantum field theory}},
  doi           = {10.1103/PhysRevD.97.051901},
  eprint        = {1701.03331},
  number        = {5},
  pages         = {051901},
  volume        = {D97},
  archiveprefix = {arXiv},
  journal       = {Phys. Rev.},
  primaryclass  = {hep-ph},
  slaccitation  = {%%CITATION = ARXIV:1701.03331;%%},
  year          = {2018},
}

@InProceedings{Shi:2020qrx,
  author        = {Shi, Shuzhe and Gale, Charles and Jeon, Sangyong},
  booktitle     = {{28th International Conference on Ultrarelativistic Nucleus-Nucleus Collisions (Quark Matter 2019) Wuhan, China, November 4-9, 2019}},
  title         = {{From Chiral Kinetic Theory To Spin Hydrodynamics}},
  eprint        = {2002.01911},
  archiveprefix = {arXiv},
  primaryclass  = {nucl-th},
  slaccitation  = {%%CITATION = ARXIV:2002.01911;%%},
  year          = {2020},
}

@Article{Guo:2016nnq,
  author        = {Guo, Er-dong and Lin, Shu},
  title         = {{Quark mass effect on axial charge dynamics}},
  doi           = {10.1103/PhysRevD.93.105001},
  eprint        = {1602.03952},
  number        = {10},
  pages         = {105001},
  volume        = {D93},
  archiveprefix = {arXiv},
  journal       = {Phys. Rev.},
  primaryclass  = {hep-th},
  slaccitation  = {%%CITATION = ARXIV:1602.03952;%%},
  year          = {2016},
}

@Article{Hou:2017szz,
  author        = {Hou, De-fu and Lin, Shu},
  title         = {{Fluctuation and Dissipation of Axial Charge from Massive Quarks}},
  doi           = {10.1103/PhysRevD.98.054014},
  eprint        = {1712.08429},
  number        = {5},
  pages         = {054014},
  volume        = {D98},
  archiveprefix = {arXiv},
  journal       = {Phys. Rev.},
  primaryclass  = {hep-ph},
  slaccitation  = {%%CITATION = ARXIV:1712.08429;%%},
  year          = {2018},
}

@Article{Lin:2018nxj,
  author        = {Lin, Shu and Yan, Li and Liang, Gui-Rong},
  title         = {{Axial Charge Fluctuation and Chiral Magnetic Effect from Stochastic Hydrodynamics}},
  doi           = {10.1103/PhysRevC.98.014903},
  eprint        = {1802.04941},
  number        = {1},
  pages         = {014903},
  volume        = {C98},
  archiveprefix = {arXiv},
  journal       = {Phys. Rev.},
  primaryclass  = {nucl-th},
  slaccitation  = {%%CITATION = ARXIV:1802.04941;%%},
  year          = {2018},
}

@Article{Siddique:2019gqh,
  author        = {Siddique, Irfan and Wang, Ren-jie and Pu, Shi and Wang, Qun},
  title         = {{Anomalous magnetohydrodynamics with longitudinal boost invariance and chiral magnetic effect}},
  doi           = {10.1103/PhysRevD.99.114029},
  eprint        = {1904.01807},
  number        = {11},
  pages         = {114029},
  volume        = {D99},
  archiveprefix = {arXiv},
  journal       = {Phys. Rev.},
  primaryclass  = {hep-ph},
  slaccitation  = {%%CITATION = ARXIV:1904.01807;%%},
  year          = {2019},
}

@Article{Denicol:2018rbw,
  author        = {Denicol, Gabriel S. and Huang, Xu-Guang and Molnár, Etele and Monteiro, Gustavo M. and Niemi, Harri and Noronha, Jorge and Rischke, Dirk H. and Wang, Qun},
  title         = {{Nonresistive dissipative magnetohydrodynamics from the Boltzmann equation in the 14-moment approximation}},
  doi           = {10.1103/PhysRevD.98.076009},
  eprint        = {1804.05210},
  number        = {7},
  pages         = {076009},
  volume        = {D98},
  archiveprefix = {arXiv},
  journal       = {Phys. Rev.},
  primaryclass  = {nucl-th},
  slaccitation  = {%%CITATION = ARXIV:1804.05210;%%},
  year          = {2018},
}

@Article{Denicol:2019iyh,
  author        = {Denicol, Gabriel S. and Molnár, Etele and Niemi, Harri and Rischke, Dirk H.},
  title         = {{Resistive dissipative magnetohydrodynamics from the Boltzmann-Vlasov equation}},
  doi           = {10.1103/PhysRevD.99.056017},
  eprint        = {1902.01699},
  number        = {5},
  pages         = {056017},
  volume        = {D99},
  archiveprefix = {arXiv},
  journal       = {Phys. Rev.},
  primaryclass  = {nucl-th},
  slaccitation  = {%%CITATION = ARXIV:1902.01699;%%},
  year          = {2019},
}

%%%%%dilepton B field

@Article{Abbas:2013oua,
  author        = {Abbas, E. and others},
  title         = {{Charmonium and $e^+e^-$ pair photoproduction at mid-rapidity in ultra-peripheral Pb-Pb collisions at $\sqrt{s_{\rm NN}}$=2.76 TeV}},
  doi           = {10.1140/epjc/s10052-013-2617-1},
  eprint        = {1305.1467},
  number        = {11},
  pages         = {2617},
  volume        = {C73},
  archiveprefix = {arXiv},
  collaboration = {ALICE},
  journal       = {Eur. Phys. J.},
  primaryclass  = {nucl-ex},
  reportnumber  = {CERN-PH-EP-2013-066},
  slaccitation  = {%%CITATION = ARXIV:1305.1467;%%},
  year          = {2013},
}

@Article{Khachatryan:2016qhq,
  author        = {Khachatryan, Vardan and others},
  title         = {{Coherent $J/\psi$ photoproduction in ultra-peripheral PbPb collisions at $\sqrt {s_{NN}} =$ 2.76 TeV with the CMS experiment}},
  doi           = {10.1016/j.physletb.2017.07.001},
  eprint        = {1605.06966},
  pages         = {489-511},
  volume        = {B772},
  archiveprefix = {arXiv},
  collaboration = {CMS},
  journal       = {Phys. Lett.},
  primaryclass  = {nucl-ex},
  reportnumber  = {CMS-HIN-12-009, CERN-EP-2016-098},
  slaccitation  = {%%CITATION = ARXIV:1605.06966;%%},
  year          = {2017},
}

@Article{Aaboud:2017bwk,
  author        = {Aaboud, Morad and others},
  title         = {{Evidence for light-by-light scattering in heavy-ion collisions with the ATLAS detector at the LHC}},
  doi           = {10.1038/nphys4208},
  eprint        = {1702.01625},
  number        = {9},
  pages         = {852-858},
  volume        = {13},
  archiveprefix = {arXiv},
  collaboration = {ATLAS},
  journal       = {Nature Phys.},
  primaryclass  = {hep-ex},
  reportnumber  = {CERN-EP-2016-316},
  slaccitation  = {%%CITATION = ARXIV:1702.01625;%%},
  year          = {2017},
}

@Article{Aaboud:2018eph,
  author        = {Aaboud, Morad and others},
  title         = {{Observation of centrality-dependent acoplanarity for muon pairs produced via two-photon scattering in Pb+Pb collisions at $\sqrt{s_{\mathrm{NN}}}=5.02$ TeV with the ATLAS detector}},
  doi           = {10.1103/PhysRevLett.121.212301},
  eprint        = {1806.08708},
  number        = {21},
  pages         = {212301},
  volume        = {121},
  archiveprefix = {arXiv},
  collaboration = {ATLAS},
  journal       = {Phys. Rev. Lett.},
  primaryclass  = {nucl-ex},
  reportnumber  = {CERN-EP-2018-100},
  slaccitation  = {%%CITATION = ARXIV:1806.08708;%%},
  year          = {2018},
}

@Article{Adam:2018tdm,
  author        = {Adam, Jaroslav and others},
  title         = {{Low-$p_T$ $e^{+}e^{-}$ pair production in Au$+$Au collisions at $\sqrt{s_{NN}}$ = 200 GeV and U$+$U collisions at $\sqrt{s_{NN}}$ = 193 GeV at STAR}},
  doi           = {10.1103/PhysRevLett.121.132301},
  eprint        = {1806.02295},
  number        = {13},
  pages         = {132301},
  volume        = {121},
  archiveprefix = {arXiv},
  collaboration = {STAR},
  journal       = {Phys. Rev. Lett.},
  primaryclass  = {hep-ex},
  slaccitation  = {%%CITATION = ARXIV:1806.02295;%%},
  year          = {2018},
}

@Article{Zha:2018tlq,
  author        = {Zha, Wangmei and Brandenburg, James Daniel and Tang, Zebo and Xu, Zhangbu},
  title         = {{Initial transverse-momentum broadening of Breit-Wheeler process in relativistic heavy-ion collisions}},
  doi           = {10.1016/j.physletb.2019.135089},
  eprint        = {1812.02820},
  pages         = {135089},
  volume        = {B800},
  archiveprefix = {arXiv},
  journal       = {Phys. Lett.},
  primaryclass  = {nucl-th},
  slaccitation  = {%%CITATION = ARXIV:1812.02820;%%},
  year          = {2020},
}

@Article{Zha:2018ywo,
  author        = {Zha, W. and Ruan, L. and Tang, Z. and Xu, Z. and Yang, S.},
  title         = {{Coherent lepton pair production in hadronic heavy ion collisions}},
  doi           = {10.1016/j.physletb.2018.04.006},
  eprint        = {1804.01813},
  pages         = {182-186},
  volume        = {B781},
  archiveprefix = {arXiv},
  journal       = {Phys. Lett.},
  primaryclass  = {hep-ph},
  slaccitation  = {%%CITATION = ARXIV:1804.01813;%%},
  year          = {2018},
}

@Article{Klein:2018fmp,
  author        = {Klein, Spencer and Mueller, A. H. and Xiao, Bo-Wen and Yuan, Feng},
  title         = {{Acoplanarity of a Lepton Pair to Probe the Electromagnetic Property of Quark Matter}},
  doi           = {10.1103/PhysRevLett.122.132301},
  eprint        = {1811.05519},
  number        = {13},
  pages         = {132301},
  volume        = {122},
  archiveprefix = {arXiv},
  journal       = {Phys. Rev. Lett.},
  primaryclass  = {hep-ph},
  slaccitation  = {%%CITATION = ARXIV:1811.05519;%%},
  year          = {2019},
}

%%%%%%%END

@Article{Kharzeev:2004ey,
  author        = {Kharzeev, Dmitri},
  title         = {{Parity violation in hot QCD: Why it can happen, and how to look for it}},
  doi           = {10.1016/j.physletb.2005.11.075},
  eprint        = {hep-ph/0406125},
  pages         = {260-264},
  volume        = {B633},
  archiveprefix = {arXiv},
  journal       = {Phys. Lett.},
  primaryclass  = {hep-ph},
  reportnumber  = {BNL-NT-04-21},
  slaccitation  = {%%CITATION = HEP-PH/0406125;%%},
  year          = {2006},
}

@Article{Voloshin:2004vk,
  author        = {Voloshin, Sergei A.},
  title         = {{Parity violation in hot QCD: How to detect it}},
  doi           = {10.1103/PhysRevC.70.057901},
  eprint        = {hep-ph/0406311},
  pages         = {057901},
  volume        = {C70},
  archiveprefix = {arXiv},
  journal       = {Phys. Rev.},
  primaryclass  = {hep-ph},
  slaccitation  = {%%CITATION = HEP-PH/0406311;%%},
  year          = {2004},
}

@Article{Bzdak:2012ia,
  author        = {Bzdak, Adam and Koch, Volker and Liao, Jinfeng},
  title         = {{Charge-Dependent Correlations in Relativistic Heavy Ion Collisions and the Chiral Magnetic Effect}},
  eprint        = {1207.7327},
  pages         = {503-536},
  volume        = {871},
  archiveprefix = {arXiv},
  journal       = {Lect. Notes Phys.},
  primaryclass  = {nucl-th},
  reportnumber  = {RBRC-964},
  slaccitation  = {%%CITATION = ARXIV:1207.7327;%%},
  year          = {2013},
}

@Article{Adam:2019fbq,
  author        = {Adam, J. and others},
  title         = {{Methods for a blind analysis of isobar data collected by the STAR collaboration}},
  eprint        = {1911.00596},
  archiveprefix = {arXiv},
  collaboration = {STAR},
  primaryclass  = {nucl-ex},
  slaccitation  = {%%CITATION = ARXIV:1911.00596;%%},
  year          = {2019},
}

@Article{Skokov:2016yrj,
  author        = {Koch, Volker and Schlichting, Soeren and Skokov, Vladimir and Sorensen, Paul and Thomas, Jim and Voloshin, Sergei and Wang, Gang and Yee, Ho-Ung},
  title         = {{Status of the chiral magnetic effect and collisions of isobars}},
  doi           = {10.1088/1674-1137/41/7/072001},
  eprint        = {1608.00982},
  number        = {7},
  pages         = {072001},
  volume        = {C41},
  archiveprefix = {arXiv},
  journal       = {Chin. Phys.},
  primaryclass  = {nucl-th},
  slaccitation  = {%%CITATION = ARXIV:1608.00982;%%},
  year          = {2017},
}

@Article{Kharzeev:2019zgg,
  author       = {Kharzeev, D. E. and Liao, J.},
  title        = {{Isobar Collisions at RHIC to Test Local Parity Violation in Strong Interactions}},
  doi          = {10.1080/10619127.2018.1495479},
  number       = {1},
  pages        = {26-31},
  volume       = {29},
  journal      = {Nucl. Phys. News},
  slaccitation = {%%CITATION = 00112,29,26;%%},
  year         = {2019},
}

@Article{Deng:2018dut,
  author        = {Deng, Wei-Tian and Huang, Xu-Guang and Ma, Guo-Liang and Wang, Gang},
  title         = {{Predictions for isobaric collisions at $\sqrt{s_{_{\rm NN}}}$ = 200 GeV from a multiphase transport model}},
  doi           = {10.1103/PhysRevC.97.044901},
  eprint        = {1802.02292},
  number        = {4},
  pages         = {044901},
  volume        = {C97},
  archiveprefix = {arXiv},
  journal       = {Phys. Rev.},
  primaryclass  = {nucl-th},
  slaccitation  = {%%CITATION = ARXIV:1802.02292;%%},
  year          = {2018},
}

@Article{Sun:2018idn,
  author        = {Sun, Yifeng and Ko, Che Ming},
  title         = {{Chiral kinetic approach to the chiral magnetic effect in isobaric collisions}},
  doi           = {10.1103/PhysRevC.98.014911},
  eprint        = {1803.06043},
  number        = {1},
  pages         = {014911},
  volume        = {C98},
  archiveprefix = {arXiv},
  journal       = {Phys. Rev.},
  primaryclass  = {nucl-th},
  slaccitation  = {%%CITATION = ARXIV:1803.06043;%%},
  year          = {2018},
}

@Article{Zhao:2019crj,
  author        = {Zhao, Xin-Li and Ma, Guo-Liang and Ma, Yu-Gang},
  title         = {{Impact of magnetic-field fluctuations on measurements of the chiral magnetic effect in collisions of isobaric nuclei}},
  doi           = {10.1103/PhysRevC.99.034903},
  eprint        = {1901.04151},
  number        = {3},
  pages         = {034903},
  volume        = {C99},
  archiveprefix = {arXiv},
  journal       = {Phys. Rev.},
  primaryclass  = {hep-ph},
  slaccitation  = {%%CITATION = ARXIV:1901.04151;%%},
  year          = {2019},
}

@Article{Magdy:2017yje,
  author        = {Magdy, Niseem and Shi, Shuzhe and Liao, Jinfeng and Ajitanand, N. and Lacey, Roy A.},
  title         = {{New correlator to detect and characterize the chiral magnetic effect}},
  doi           = {10.1103/PhysRevC.97.061901},
  eprint        = {1710.01717},
  number        = {6},
  pages         = {061901},
  volume        = {C97},
  archiveprefix = {arXiv},
  journal       = {Phys. Rev.},
  primaryclass  = {physics.data-an},
  slaccitation  = {%%CITATION = ARXIV:1710.01717;%%},
  year          = {2018},
}

@Conference{helenius,
  author    = {I. Helenius},
  booktitle = {Talk at 7th International Workshop on Multiple Partonic Interactions at the LHC},
  note      = {http://indico.ictp.it/event/a14280/session/266/contribution/1042/material/slides/0.pdf},
}

@Misc{starpsn0605,
  note = {SN0605: A polarized p+p and p+A program for the next years \href{https://drupal.star.bnl.gov/STAR/starnotes/public/sn0605}{\url{https://drupal.star.bnl.gov/STAR/starnotes/public/sn0605}}},
  key  = {SN0605},
}

@Article{Adamczyk:2012kn,
  author        = {Adamczyk, L. and others},
  title         = {{Single Spin Asymmetry $A_N$ in Polarized Proton-Proton Elastic Scattering at $\sqrt{s}=200$ GeV}},
  doi           = {10.1016/j.physletb.2013.01.014},
  eprint        = {1206.1928},
  pages         = {62--69},
  volume        = {719},
  archiveprefix = {arXiv},
  collaboration = {STAR},
  journal       = {Phys. Lett. B},
  primaryclass  = {nucl-ex},
  year          = {2013},
}

@Article{Bueltmann:2003gq,
  author        = {Bueltmann, Stephen L. and others},
  title         = {{First measurement of proton proton elastic scattering at RHIC}},
  doi           = {10.1016/j.physletb.2003.11.023},
  eprint        = {nucl-ex/0305012},
  pages         = {245--250},
  volume        = {579},
  archiveprefix = {arXiv},
  journal       = {Phys. Lett. B},
  year          = {2004},
}

@Article{Bultmann:2005na,
  author        = {Bultmann, S. and others},
  title         = {{First measurement of A(N) at s**(1/2) = 200-GeV in polarized proton-proton elastic scattering at RHIC}},
  doi           = {10.1016/j.physletb.2005.10.041},
  eprint        = {nucl-ex/0507030},
  pages         = {167--172},
  volume        = {632},
  archiveprefix = {arXiv},
  journal       = {Phys. Lett. B},
  year          = {2006},
}

@Article{Bultmann:2006tt,
  author        = {Bultmann, S. and others},
  title         = {{Double Spin Asymmetries A(NN) and A(SS) at s**(1/2) = 200-GeV in Polarized Proton-Proton Elastic Scattering at RHIC}},
  doi           = {10.1016/j.physletb.2007.01.067},
  eprint        = {nucl-ex/0610022},
  pages         = {98--103},
  volume        = {647},
  archiveprefix = {arXiv},
  collaboration = {pp2pp},
  journal       = {Phys. Lett. B},
  year          = {2007},
}

@Article{Khachatryan:2015gka,
  author        = {Khachatryan, Vardan and others},
  title         = {{Measurement of diffraction dissociation cross sections in pp collisions at $\sqrt{s}$ = 7 TeV}},
  doi           = {10.1103/PhysRevD.92.012003},
  eprint        = {1503.08689},
  number        = {1},
  pages         = {012003},
  volume        = {92},
  archiveprefix = {arXiv},
  collaboration = {CMS},
  journal       = {Phys. Rev. D},
  primaryclass  = {hep-ex},
  reportnumber  = {CMS-FSQ-12-005, CERN-PH-EP-2015-062},
  year          = {2015},
}

@Article{Aaron:2012hua,
  author        = {Aaron, F.D. and others},
  title         = {{Combined inclusive diffractive cross sections measured with forward proton spectrometers in deep inelastic $ep$ scattering at HERA}},
  doi           = {10.1140/epjc/s10052-012-2175-y},
  eprint        = {1207.4864},
  pages         = {2175},
  volume        = {72},
  archiveprefix = {arXiv},
  collaboration = {H1, ZEUS},
  journal       = {Eur. Phys. J. C},
  primaryclass  = {hep-ex},
  reportnumber  = {DESY-12-100},
  year          = {2012},
}

@Article{Aoki:2006br,
  author        = {Aoki, Y. and Fodor, Z. and Katz, S. D. and Szabo, K. K.},
  title         = {{The QCD transition temperature: Results with physical masses in the continuum limit}},
  doi           = {10.1016/j.physletb.2006.10.021},
  eprint        = {hep-lat/0609068},
  pages         = {46-54},
  volume        = {B643},
  archiveprefix = {arXiv},
  journal       = {Phys. Lett.},
  primaryclass  = {hep-lat},
  slaccitation  = {%%CITATION = HEP-LAT/0609068;%%},
  year          = {2006},
}

@Article{Aoki:2006we,
  author        = {Aoki, Y. and Endrodi, G. and Fodor, Z. and Katz, S. D. and Szabo, K. K.},
  title         = {{The Order of the quantum chromodynamics transition predicted by the standard model of particle physics}},
  doi           = {10.1038/nature05120},
  eprint        = {hep-lat/0611014},
  pages         = {675-678},
  volume        = {443},
  archiveprefix = {arXiv},
  journal       = {Nature},
  primaryclass  = {hep-lat},
  slaccitation  = {%%CITATION = HEP-LAT/0611014;%%},
  year          = {2006},
}

@Article{Stephanov:2008qz,
  author        = {Stephanov, M. A.},
  title         = {{Non-Gaussian fluctuations near the QCD critical point}},
  doi           = {10.1103/PhysRevLett.102.032301},
  eprint        = {0809.3450},
  pages         = {032301},
  volume        = {102},
  archiveprefix = {arXiv},
  journal       = {Phys. Rev. Lett.},
  primaryclass  = {hep-ph},
  slaccitation  = {%%CITATION = ARXIV:0809.3450;%%},
  year          = {2009},
}

@Article{Asakawa:2009aj,
  author        = {Asakawa, Masayuki and Ejiri, Shinji and Kitazawa, Masakiyo},
  title         = {{Third moments of conserved charges as probes of QCD phase structure}},
  doi           = {10.1103/PhysRevLett.103.262301},
  eprint        = {0904.2089},
  pages         = {262301},
  volume        = {103},
  archiveprefix = {arXiv},
  journal       = {Phys. Rev. Lett.},
  primaryclass  = {nucl-th},
  slaccitation  = {%%CITATION = ARXIV:0904.2089;%%},
  year          = {2009},
}

@Article{Cheng:2008zh,
  author        = {Cheng, M. and others},
  title         = {{Baryon Number, Strangeness and Electric Charge Fluctuations in QCD at High Temperature}},
  doi           = {10.1103/PhysRevD.79.074505},
  eprint        = {0811.1006},
  pages         = {074505},
  volume        = {D79},
  archiveprefix = {arXiv},
  journal       = {Phys. Rev.},
  primaryclass  = {hep-lat},
  reportnumber  = {BI-TP-2008-35},
  slaccitation  = {%%CITATION = ARXIV:0811.1006;%%},
  year          = {2009},
}

@Article{Gavai:2010zn,
  author        = {Gavai, R. V. and Gupta, Sourendu},
  title         = {{Lattice QCD predictions for shapes of event distributions along the freezeout curve in heavy-ion collisions}},
  doi           = {10.1016/j.physletb.2011.01.006},
  eprint        = {1001.3796},
  pages         = {459-463},
  volume        = {B696},
  archiveprefix = {arXiv},
  journal       = {Phys. Lett.},
  primaryclass  = {hep-lat},
  reportnumber  = {TIFR-TH-10-01},
  slaccitation  = {%%CITATION = ARXIV:1001.3796;%%},
  year          = {2011},
}

@Article{Gupta:2011wh,
  author        = {Gupta, Sourendu and Luo, Xiaofeng and Mohanty, Bedangadas and Ritter, Hans Georg and Xu, Nu},
  title         = {{Scale for the Phase Diagram of Quantum Chromodynamics}},
  doi           = {10.1126/science.1204621},
  eprint        = {1105.3934},
  pages         = {1525-1528},
  volume        = {332},
  archiveprefix = {arXiv},
  journal       = {Science},
  primaryclass  = {hep-ph},
  slaccitation  = {%%CITATION = ARXIV:1105.3934;%%},
  year          = {2011},
}

@Article{Sarkar:2014fja,
  author        = {Sarkar, Amal},
  title         = {{Higher-moment measurements of net-kaon, net-charge and net-proton multiplicity distributions at STAR}},
  doi           = {10.1016/j.nuclphysa.2014.10.042},
  pages         = {796-801},
  volume        = {A931},
  booktitle     = {{Proceedings, 24th International Conference on Ultra-Relativistic Nucleus-Nucleus Collisions (Quark Matter 2014): Darmstadt, Germany, May 19-24, 2014}},
  collaboration = {STAR},
  journal       = {Nucl. Phys.},
  slaccitation  = {%%CITATION = NUPHA,A931,796;%%},
  year          = {2014},
}

@Article{Garg:2013ata,
  author        = {Garg, P. and Mishra, D. K. and Netrakanti, P. K. and Mohanty, B. and Mohanty, A. K. and Singh, B. K. and Xu, N.},
  title         = {{Conserved number fluctuations in a hadron resonance gas model}},
  doi           = {10.1016/j.physletb.2013.09.019},
  eprint        = {1304.7133},
  pages         = {691-696},
  volume        = {B726},
  archiveprefix = {arXiv},
  journal       = {Phys. Lett.},
  primaryclass  = {nucl-ex},
  slaccitation  = {%%CITATION = ARXIV:1304.7133;%%},
  year          = {2013},
}

%\cite{Luo:2013bmi}
%\bibitem{Luo:2013bmi}
%  X.~Luo, J.~Xu, B.~Mohanty and N.~Xu,
%  %``Volume fluctuation and auto-correlation effects in the moment analysis of net-proton multiplicity %distributions in heavy-ion collisions,''
%  J.\ Phys.\ G {\bf 40} (2013) 105104.
%  [arXiv:1302.2332 [nucl-ex]].
%%CITATION = ARXIV:1302.2332;%%
%5 citations counted in INSPIRE as of 07 Feb 2014

@Article{Gavai:2010zn,
  author        = {Gavai, R. V. and Gupta, Sourendu},
  title         = {{Lattice QCD predictions for shapes of event distributions along the freezeout curve in heavy-ion collisions}},
  doi           = {10.1016/j.physletb.2011.01.006},
  eprint        = {1001.3796},
  pages         = {459-463},
  volume        = {B696},
  archiveprefix = {arXiv},
  journal       = {Phys. Lett.},
  primaryclass  = {hep-lat},
  reportnumber  = {TIFR-TH-10-01},
  slaccitation  = {%%CITATION = ARXIV:1001.3796;%%},
  year          = {2011},
}

@Article{Datta:2012pj,
  author        = {Datta, Saumen and Gavai, Rajiv V. and Gupta, Sourendu},
  title         = {{The QCD Critical Point : marching towards continuum}},
  doi           = {10.1016/j.nuclphysa.2013.02.156},
  eprint        = {1210.6784},
  pages         = {883c-886c},
  volume        = {A904-905},
  archiveprefix = {arXiv},
  booktitle     = {{Proceedings, 23rd International Conference on Ultrarelativistic Nucleus-Nucleus Collisions : Quark Matter 2012 (QM 2012): Washington, DC, USA, August 13-18, 2012}},
  journal       = {Nucl. Phys.},
  primaryclass  = {hep-lat},
  reportnumber  = {TIFR-TH-12-36},
  slaccitation  = {%%CITATION = ARXIV:1210.6784;%%},
  year          = {2013},
}

@Article{Fodor:2004nz,
  author        = {Fodor, Z. and Katz, S. D.},
  title         = {{Critical point of QCD at finite T and mu, lattice results for physical quark masses}},
  doi           = {10.1088/1126-6708/2004/04/050},
  eprint        = {hep-lat/0402006},
  pages         = {050},
  volume        = {04},
  archiveprefix = {arXiv},
  journal       = {JHEP},
  primaryclass  = {hep-lat},
  reportnumber  = {ITP-BUDAPEST-609, WUB-04-04},
  slaccitation  = {%%CITATION = HEP-LAT/0402006;%%},
  year          = {2004},
}

@Article{Fraga:2011hi,
  author        = {Fraga, Eduardo S. and Palhares, Leticia F. and Sorensen, Paul},
  title         = {{Finite-size scaling as a tool in the search for the QCD critical point in heavy ion data}},
  doi           = {10.1103/PhysRevC.84.011903},
  eprint        = {1104.3755},
  pages         = {011903},
  volume        = {C84},
  archiveprefix = {arXiv},
  journal       = {Phys. Rev.},
  primaryclass  = {hep-ph},
  slaccitation  = {%%CITATION = ARXIV:1104.3755;%%},
  year          = {2011},
}

@Article{Bellwied:2015rza,
  author        = {Bellwied, R. and Borsanyi, S. and Fodor, Z. and Günther, J. and Katz, S. D. and Ratti, C. and Szabo, K. K.},
  title         = {{The QCD phase diagram from analytic continuation}},
  doi           = {10.1016/j.physletb.2015.11.011},
  eprint        = {1507.07510},
  pages         = {559-564},
  volume        = {B751},
  archiveprefix = {arXiv},
  journal       = {Phys. Lett.},
  primaryclass  = {hep-lat},
  slaccitation  = {%%CITATION = ARXIV:1507.07510;%%},
  year          = {2015},
}

@Article{Xin:2014ela,
  author       = {Xin, Xian-yin and Qin, Si-xue and Liu, Yu-xin},
  title        = {{Quark number fluctuations at finite temperature and finite chemical potential via the Dyson-Schwinger equation approach}},
  doi          = {10.1103/PhysRevD.90.076006},
  number       = {7},
  pages        = {076006},
  volume       = {D90},
  journal      = {Phys. Rev.},
  slaccitation = {%%CITATION = PHRVA,D90,076006;%%},
  year         = {2014},
}

@Article{Fischer:2014ata,
  author        = {Fischer, Christian S. and Luecker, Jan and Welzbacher, Christian A.},
  title         = {{Phase structure of three and four flavor QCD}},
  doi           = {10.1103/PhysRevD.90.034022},
  eprint        = {1405.4762},
  number        = {3},
  pages         = {034022},
  volume        = {D90},
  archiveprefix = {arXiv},
  journal       = {Phys. Rev.},
  primaryclass  = {hep-ph},
  slaccitation  = {%%CITATION = ARXIV:1405.4762;%%},
  year          = {2014},
}

@Article{Critelli:2017oub,
  author        = {Critelli, Renato and Noronha, Jorge and Noronha-Hostler, Jacquelyn and Portillo, Israel and Ratti, Claudia and Rougemont, Romulo},
  title         = {{Critical point in the phase diagram of primordial quark-gluon matter from black hole physics}},
  doi           = {10.1103/PhysRevD.96.096026},
  eprint        = {1706.00455},
  number        = {9},
  pages         = {096026},
  volume        = {D96},
  archiveprefix = {arXiv},
  journal       = {Phys. Rev.},
  primaryclass  = {nucl-th},
  slaccitation  = {%%CITATION = ARXIV:1706.00455;%%},
  year          = {2017},
}

@Article{Lorenz:2017hjp,
  author        = {Lorenz, Manuel},
  title         = {{Overview of recent results from HADES}},
  doi           = {10.1016/j.nuclphysa.2017.06.010},
  pages         = {27-34},
  volume        = {A967},
  booktitle     = {{Proceedings, 26th International Conference on Ultra-relativistic Nucleus-Nucleus Collisions (Quark Matter 2017): Chicago, Illinois, USA, February 5-11, 2017}},
  collaboration = {HADES},
  journal       = {Nucl. Phys.},
  slaccitation  = {%%CITATION = NUPHA,A967,27;%%},
  year          = {2017},
}

@Article{Bzdak:2017nyp,
  author       = {Bzdak, A. and Koch, V. and Skokov, V. and Strodthoff, N.},
  title        = {{Cumulants vs correlation functions and the QCD phase diagram at low energies}},
  doi          = {10.1016/j.nuclphysa.2017.05.047},
  pages        = {465-467},
  volume       = {A967},
  booktitle    = {{Proceedings, 26th International Conference on Ultra-relativistic Nucleus-Nucleus Collisions (Quark Matter 2017): Chicago, Illinois, USA, February 5-11, 2017}},
  journal      = {Nucl. Phys.},
  slaccitation = {%%CITATION = NUPHA,A967,465;%%},
  year         = {2017},
}

@Article{Luo:2015ewa,
  author        = {Luo, Xiaofeng},
  title         = {{Energy Dependence of Moments of Net-Proton and Net-Charge Multiplicity Distributions at STAR}},
  eprint        = {1503.02558},
  pages         = {019},
  volume        = {CPOD2014},
  archiveprefix = {arXiv},
  booktitle     = {{Proceedings, 9th International Workshop on Critical Point and Onset of Deconfinement (CPOD 2014): Bielefeld, Germany, November 17-21, 2014}},
  collaboration = {STAR},
  journal       = {PoS},
  primaryclass  = {nucl-ex},
  slaccitation  = {%%CITATION = ARXIV:1503.02558;%%},
  year          = {2015},
}

%%%%%%%%%%%%%%%%%%%%%%%%%%%%%%%
%%Daniel's additions end here.
%%%%%%%%%%%%%%%%%%%%%%%%%%%%%%%  

%%%%%%%%%%%%%%%%%%%%%%%%%%%%%%%
%% Start: Xiaofeng's reference 
%%%%%%%%%%%%%%%%%%%%%%%%%%%%%%%

@Article{Adam:2020unf,
  author        = {Adam, J. and others},
  title         = {{Net-proton number fluctuations and the Quantum Chromodynamics critical point}},
  eprint        = {2001.02852},
  archiveprefix = {arXiv},
  collaboration = {STAR},
  month         = {1},
  primaryclass  = {nucl-ex},
  year          = {2020},
}

@InProceedings{Zhang:2020ewj,
  author        = {Zhang, Dingwei},
  booktitle     = {{28th International Conference on Ultrarelativistic Nucleus-Nucleus Collisions}},
  title         = {{Light Nuclei ($d$, $t$) Production in Au + Au Collisions at $\sqrt{s_{NN}}$ = 7.7 - 200 GeV}},
  eprint        = {2002.10677},
  archiveprefix = {arXiv},
  collaboration = {STAR},
  month         = {2},
  primaryclass  = {nucl-ex},
  year          = {2020},
}

@Article{Liu:2019nii,
  author        = {Liu, Hui and Zhang, Dingwei and He, Shu and Sun, Kai-jia and Yu, Ning and Luo, Xiaofeng},
  title         = {{Light nuclei production in Au+Au collisions at $\sqrt{s_{\mathrm{NN}}}$ = 5--200 GeV from JAM model}},
  doi           = {10.1016/j.physletb.2020.135452},
  eprint        = {1909.09304},
  pages         = {135452},
  volume        = {805},
  archiveprefix = {arXiv},
  journal       = {Phys. Lett. B},
  primaryclass  = {nucl-th},
  year          = {2020},
}

@Article{Adamczyk:2013dal,
  author        = {Adamczyk, L. and others},
  title         = {{Energy Dependence of Moments of Net-proton Multiplicity Distributions at RHIC}},
  doi           = {10.1103/PhysRevLett.112.032302},
  eprint        = {1309.5681},
  pages         = {032302},
  volume        = {112},
  archiveprefix = {arXiv},
  collaboration = {STAR},
  journal       = {Phys. Rev. Lett.},
  primaryclass  = {nucl-ex},
  slaccitation  = {%%CITATION = ARXIV:1309.5681;%%},
  year          = {2014},
}

@Article{Adamczyk:2014fia,
  author        = {Adamczyk, L. and others},
  title         = {{Beam energy dependence of moments of the net-charge multiplicity distributions in Au+Au collisions at RHIC}},
  doi           = {10.1103/PhysRevLett.113.092301},
  eprint        = {1402.1558},
  pages         = {092301},
  volume        = {113},
  archiveprefix = {arXiv},
  collaboration = {STAR},
  journal       = {Phys. Rev. Lett.},
  primaryclass  = {nucl-ex},
  slaccitation  = {%%CITATION = ARXIV:1402.1558;%%},
  year          = {2014},
}

@Article{Adamczyk:2017nof,
  author        = {Adamczyk, L. and others},
  title         = {{Beam Energy Dependence of Jet-Quenching Effects in Au+Au Collisions at $\sqrt{s_{_{ \mathrm{NN}}}}$ = 7.7, 11.5, 14.5, 19.6, 27, 39, and 62.4 GeV}},
  doi           = {10.1103/PhysRevLett.121.032301},
  eprint        = {1707.01988},
  number        = {3},
  pages         = {032301},
  volume        = {121},
  archiveprefix = {arXiv},
  collaboration = {STAR},
  journal       = {Phys. Rev. Lett.},
  primaryclass  = {nucl-ex},
  slaccitation  = {%%CITATION = ARXIV:1707.01988;%%},
  year          = {2018},
}

@Article{Luo:2015doi,
  author        = {Luo, Xiaofeng},
  title         = {{Exploring the QCD Phase Structure with Beam Energy Scan in Heavy-ion Collisions}},
  doi           = {10.1016/j.nuclphysa.2016.03.025},
  eprint        = {1512.09215},
  pages         = {75-82},
  volume        = {A956},
  archiveprefix = {arXiv},
  booktitle     = {{Proceedings, 25th International Conference on Ultra-Relativistic Nucleus-Nucleus Collisions (Quark Matter 2015): Kobe, Japan, September 27-October 3, 2015}},
  journal       = {Nucl. Phys.},
  primaryclass  = {nucl-ex},
  slaccitation  = {%%CITATION = ARXIV:1512.09215;%%},
  year          = {2016},
}

@Article{Adamczyk:2017iwn,
  author        = {Adamczyk, L. and others},
  title         = {{Bulk Properties of the Medium Produced in Relativistic Heavy-Ion Collisions from the Beam Energy Scan Program}},
  doi           = {10.1103/PhysRevC.96.044904},
  eprint        = {1701.07065},
  number        = {4},
  pages         = {044904},
  volume        = {C96},
  archiveprefix = {arXiv},
  collaboration = {STAR},
  journal       = {Phys. Rev.},
  primaryclass  = {nucl-ex},
  slaccitation  = {%%CITATION = ARXIV:1701.07065;%%},
  year          = {2017},
}

@Article{Shen:2020jwv,
  author        = {Shen, Chun and Alzhrani, Sahr},
  title         = {{A collision geometry-based 3D initial condition for relativistic heavy-ion collisions}},
  doi           = {10.1103/PhysRevC.102.014909},
  eprint        = {2003.05852},
  number        = {1},
  pages         = {014909},
  volume        = {102},
  archiveprefix = {arXiv},
  journal       = {Phys. Rev. C},
  primaryclass  = {nucl-th},
  year          = {2020},
}

@Article{Adam:2019wnb,
  author        = {Adam, J. and others},
  title         = {{Beam energy dependence of (anti-)deuteron production in Au+Au collisions at RHIC}},
  eprint        = {1903.11778},
  volume        = {arXiv:1903.11778},
  archiveprefix = {arXiv},
  collaboration = {STAR},
  journal       = {accepted by PRC},
  primaryclass  = {nucl-ex},
  slaccitation  = {%%CITATION = ARXIV:1903.11778;%%},
  year          = {2019},
}

@Article{Sun:2018jhg,
  author        = {Sun, K. J. and Chen, L.-W. and Ko, C. M. and Pu, J. and Xu, Z.},
  title         = {{Light nuclei production as a probe of the QCD phase diagram}},
  doi           = {10.1016/j.physletb.2018.04.035},
  eprint        = {1801.09382},
  pages         = {499-504},
  volume        = {B781},
  archiveprefix = {arXiv},
  bdsk-url-1    = {http://dx.doi.org/10.1016/j.physletb.2018.04.035},
  date-added    = {2019-04-08 15:09:56 +0000},
  date-modified = {2019-04-08 15:09:56 +0000},
  journal       = {Phys. Lett.},
  primaryclass  = {nucl-th},
  slaccitation  = {%%CITATION = ARXIV:1801.09382;%%},
  year          = {2018},
}

@Article{Satogata:2007qq,
  author        = {Satogata, T. and others},
  title         = {{RHIC Low-Energy Challenges and Plans}},
  doi           = {10.22323/1.047.0051},
  eprint        = {0710.2485},
  pages         = {051},
  volume        = {CPOD07},
  archiveprefix = {arXiv},
  booktitle     = {{Proceedings, 4th International Workshop on Critical point and onset of deconfinement (CPOD07): Darmstadt, Germany, July 9-13, 2007}},
  journal       = {PoS},
  primaryclass  = {physics.acc-ph},
  slaccitation  = {%%CITATION = ARXIV:0710.2485;%%},
  year          = {2007},
}

@Article{Adamczyk:2017wsl,
  author        = {Adamczyk, L. and others},
  title         = {{Collision Energy Dependence of Moments of Net-Kaon Multiplicity Distributions at RHIC}},
  doi           = {10.1016/j.physletb.2018.07.066},
  eprint        = {1709.00773},
  pages         = {551-560},
  volume        = {B785},
  archiveprefix = {arXiv},
  collaboration = {STAR},
  journal       = {Phys. Lett.},
  primaryclass  = {nucl-ex},
  slaccitation  = {%%CITATION = ARXIV:1709.00773;%%},
  year          = {2018},
}

@Article{Bzdak:2018uhv,
  author        = {Bzdak, A. and Koch, V. and Oliinychenko, D. and Steinheimer, J.},
  title         = {{Large proton cumulants from the superposition of ordinary multiplicity distributions}},
  doi           = {10.1103/PhysRevC.98.054901},
  eprint        = {1804.04463},
  number        = {5},
  pages         = {054901},
  volume        = {C98},
  archiveprefix = {arXiv},
  journal       = {Phys. Rev.},
  primaryclass  = {nucl-th},
  slaccitation  = {%%CITATION = ARXIV:1804.04463;%%},
  year          = {2018},
}
%%%%%%%%%%%%%%%%%%%%%%%%%%%%%%%
%% end: Xiaofeng's reference 
%%%%%%%%%%%%%%%%%%%%%%%%%%%%%%%

@Article{Guo:2015nsa,
  author        = {Guo, Xingyu and Shi, Shuzhe and Xu, Nu and Xu, Zhe and Zhuang, Pengfei},
  title         = {{Magnetic Field Effect on Charmonium Production in High Energy Nuclear Collisions}},
  doi           = {10.1016/j.physletb.2015.10.038},
  eprint        = {1502.04407},
  pages         = {215--219},
  volume        = {751},
  archiveprefix = {arXiv},
  journal       = {Phys. Lett. B},
  primaryclass  = {hep-ph},
  year          = {2015},
}

@Article{Chen:2016vha,
  author        = {Chen, Baoyi and Du, Xiaojian and Rapp, Ralf},
  title         = {{Internal Charmonium Evolution in the Quark--Gluon Plasma}},
  doi           = {10.1016/j.nuclphysbps.2017.05.111},
  editor        = {Qin, Guang-You and Wang, Xin-Nian and Wang, Ya-Ping and Zhang, Ben-Wei and Zhou, Dai-Cui},
  eprint        = {1612.02089},
  pages         = {475--478},
  volume        = {289-290},
  archiveprefix = {arXiv},
  journal       = {Nucl. Part. Phys. Proc.},
  primaryclass  = {nucl-th},
  year          = {2017},
}

@Article{ALICE_psi2S_PbPb,
  author        = {Adam, Jaroslav and others},
  title         = {{Differential studies of inclusive J/$\psi$ and $\psi$(2S) production at forward rapidity in Pb-Pb collisions at $ \sqrt{s_{\mathrm{NN}}}=2.76 $ TeV}},
  doi           = {10.1007/JHEP05(2016)179},
  eprint        = {1506.08804},
  pages         = {179},
  volume        = {05},
  archiveprefix = {arXiv},
  collaboration = {ALICE},
  journal       = {JHEP},
  primaryclass  = {nucl-ex},
  reportnumber  = {CERN-PH-EP-2015-157},
  year          = {2016},
}

@Article{CMS_psi2S_PbPb,
  author        = {Sirunyan, Albert M and others},
  title         = {{Relative Modification of Prompt $\psi$(2S) and J/$\psi$ Yields from pp to PbPb Collisions at $\sqrt{s_{NN}}=5.02$ TeV}},
  doi           = {10.1103/PhysRevLett.118.162301},
  eprint        = {1611.01438},
  number        = {16},
  pages         = {162301},
  volume        = {118},
  archiveprefix = {arXiv},
  collaboration = {CMS},
  journal       = {Phys. Rev. Lett.},
  primaryclass  = {nucl-ex},
  reportnumber  = {CMS-HIN-16-004, CERN-EP-2016-258},
  year          = {2017},
}

@Article{ATLAS_psi2S_PbPb,
  author        = {Aaboud, Morad and others},
  title         = {{Prompt and non-prompt $J/\psi $ and $\psi (2\mathrm {S})$ suppression at high transverse momentum in $5.02~\mathrm {TeV}$ Pb+Pb collisions with the ATLAS experiment}},
  doi           = {10.1140/epjc/s10052-018-6219-9},
  eprint        = {1805.04077},
  number        = {9},
  pages         = {762},
  volume        = {78},
  archiveprefix = {arXiv},
  collaboration = {ATLAS},
  journal       = {Eur. Phys. J. C},
  primaryclass  = {nucl-ex},
  reportnumber  = {CERN-EP-2018-049},
  year          = {2018},
}

@Article{VMM3,
  author  = {{Iakovidis, George}},
  title   = {VMM - An ASIC for Micropattern Detectors},
  doi     = {10.1051/epjconf/201817407001},
  pages   = {07001},
  url     = {https://doi.org/10.1051/epjconf/201817407001},
  volume  = {174},
  journal = {EPJ Web Conf.},
  year    = {2018},
}

@Article{Smakhtin:2009zz,
  author       = {Smakhtin, V. and Mikenberg, G. and Klier, A. and Rozen, Y. and Duchovni, E. and Kajamovitz, E. and Hershenhorn, A.},
  title        = {{Thin Gap Chamber upgrade for SLHC: Position resolution in a test beam}},
  doi          = {10.1016/j.nima.2008.08.098},
  pages        = {196-200},
  volume       = {A598},
  booktitle    = {{Proceedings, 10th International Conference on Instrumentation for Colliding Beam Physics (INSTR08): Novosibirsk, Russia, February 28-March 5, 2008}},
  journal      = {Nucl. Instrum. Meth.},
  slaccitation = {%%CITATION = NUIMA,A598,196;%%},
  year         = {2009},
}

@Article{Abusleme:2015yja,
  author        = {Abusleme, A. and others},
  title         = {{Performance of a Full-Size Small-Strip Thin Gap Chamber Prototype for the ATLAS New Small Wheel Muon Upgrade}},
  doi           = {10.1016/j.nima.2016.01.087},
  eprint        = {1509.06329},
  pages         = {85-92},
  volume        = {A817},
  archiveprefix = {arXiv},
  journal       = {Nucl. Instrum. Meth.},
  primaryclass  = {physics.ins-det},
  slaccitation  = {%%CITATION = ARXIV:1509.06329;%%},
  year          = {2016},
}

@Article{Mehtar-Tani:2017ypq,
  author        = {Mehtar-Tani, Yacine and Tywoniuk, Konrad},
  title         = {{Radiative energy loss of neighboring subjets}},
  doi           = {10.1016/j.nuclphysa.2018.09.041},
  eprint        = {1706.06047},
  pages         = {165--203},
  volume        = {979},
  archiveprefix = {arXiv},
  journal       = {Nucl. Phys. A},
  primaryclass  = {hep-ph},
  reportnumber  = {INT-PUB-17-022, CERN-TH-2017-134},
  year          = {2018},
}

@Article{KunnawalkamElayavalli:2019csg,
  author        = {Kunnawalkam Elayavalli, Raghav},
  title         = {{Measurements of the jet internal sub-structure and its relevance to parton evolution in p+p and Au+Au collisions at STAR}},
  doi           = {10.22323/1.345.0090},
  editor        = {d'Enterria, David and Morsch, Andreas and Crochet, Philippe},
  eprint        = {1903.12115},
  pages         = {090},
  volume        = {HardProbes2018},
  archiveprefix = {arXiv},
  collaboration = {STAR},
  journal       = {PoS},
  primaryclass  = {hep-ex},
  year          = {2018},
}

@Article{Mehtar-Tani:2017web,
  author        = {Mehtar-Tani, Yacine and Tywoniuk, Konrad},
  title         = {{Sudakov suppression of jets in QCD media}},
  doi           = {10.1103/PhysRevD.98.051501},
  eprint        = {1707.07361},
  number        = {5},
  pages         = {051501},
  volume        = {98},
  archiveprefix = {arXiv},
  journal       = {Phys. Rev. D},
  primaryclass  = {hep-ph},
  reportnumber  = {INT-PUB-17-025, CERN-TH-2017-161},
  year          = {2018},
}

% ---------------- 3 GeV request - X. Dong ---------------

@Article{Ling:2015yau,
  author        = {Ling, Bo and Stephanov, Mikhail A.},
  title         = {{Acceptance dependence of fluctuation measures near the QCD critical point}},
  doi           = {10.1103/PhysRevC.93.034915},
  eprint        = {1512.09125},
  number        = {3},
  pages         = {034915},
  volume        = {93},
  archiveprefix = {arXiv},
  journal       = {Phys. Rev. C},
  primaryclass  = {nucl-th},
  year          = {2016},
}

@Article{Danysz:1963zz,
  author  = {Danysz, M. and others},
  title   = {{Observation of a Double Hyperfragment}},
  doi     = {10.1103/PhysRevLett.11.29},
  pages   = {29--32},
  volume  = {11},
  journal = {Phys. Rev. Lett.},
  year    = {1963},
}

@Article{Prowse:1966nz,
  author  = {Prowse, D.J.},
  title   = {{Lambda-Lambda He-6 double hyperfragment}},
  doi     = {10.1103/PhysRevLett.17.782},
  pages   = {782--785},
  volume  = {17},
  journal = {Phys. Rev. Lett.},
  year    = {1966},
}

@Article{Aoki:1991ip,
  author       = {Aoki, S. and others},
  title        = {{Direct observation of sequential weak decay of a double hypernucleus}},
  doi          = {10.1143/PTP.85.1287},
  editor       = {Nakai, K. and Ohshima, T.},
  pages        = {1287--1298},
  volume       = {85},
  journal      = {Prog. Theor. Phys.},
  reportnumber = {KEK-PREPRINT-91-59, DPNU-91-07},
  year         = {1991},
}

@Article{Takahashi:2003pe,
  author  = {Takahashi, H. and others},
  title   = {{Observation of double hypernuclei and Lambda Lambda interaction}},
  doi     = {10.1016/S0375-9474(03)01249-1},
  editor  = {Toki, H. and Imai, K. and Kishimoto, T.},
  pages   = {951--954},
  volume  = {721},
  journal = {Nucl. Phys. A},
  year    = {2003},
}

@Article{Rijken:2010zzb,
  author  = {Rijken, Thomas A. and Nagels, M.M. and Yamamoto, Yasuo},
  title   = {{Baryon-baryon interactions: Nijmegen extended-soft-core models}},
  doi     = {10.1143/PTPS.185.14},
  pages   = {14--71},
  volume  = {185},
  journal = {Prog. Theor. Phys. Suppl.},
  year    = {2010},
}

@Article{Becattini:2005xt,
  author        = {Becattini, F. and Manninen, J. and Gazdzicki, M.},
  title         = {{Energy and system size dependence of chemical freeze-out in relativistic nuclear collisions}},
  doi           = {10.1103/PhysRevC.73.044905},
  eprint        = {hep-ph/0511092},
  pages         = {044905},
  volume        = {73},
  archiveprefix = {arXiv},
  journal       = {Phys. Rev. C},
  year          = {2006},
}

@Article{Cleymans:1997sw,
  author        = {Cleymans, J. and Elliott, D. and Keranen, A. and Suhonen, E.},
  title         = {{Thermal model analysis of particle ratios at GSI Ni-Ni experiments using exact strangeness conservation}},
  doi           = {10.1103/PhysRevC.57.3319},
  eprint        = {nucl-th/9711066},
  pages         = {3319--3323},
  volume        = {57},
  archiveprefix = {arXiv},
  journal       = {Phys. Rev. C},
  reportnumber  = {UCT-TP-245-97},
  year          = {1998},
}

@Article{Andronic:2008gu,
  author        = {Andronic, A. and Braun-Munzinger, P. and Stachel, J.},
  title         = {{Thermal hadron production in relativistic nuclear collisions: The Hadron mass spectrum, the horn, and the QCD phase transition}},
  doi           = {10.1016/j.physletb.2009.06.021},
  eprint        = {0812.1186},
  note          = {[Erratum: Phys.Lett.B 678, 516 (2009)]},
  pages         = {142--145},
  volume        = {673},
  archiveprefix = {arXiv},
  journal       = {Phys. Lett. B},
  primaryclass  = {nucl-th},
  year          = {2009},
}

@Article{Adamczewski-Musch:2017rtf,
  author        = {Adamczewski-Musch, J. and others},
  title         = {{Deep sub-threshold $\phi$ production in Au+Au collisions}},
  doi           = {10.1016/j.physletb.2018.01.048},
  eprint        = {1703.08418},
  pages         = {403--407},
  volume        = {778},
  archiveprefix = {arXiv},
  collaboration = {HADES},
  journal       = {Phys. Lett. B},
  primaryclass  = {nucl-ex},
  year          = {2018},
}

@Article{Piasecki:2016tkf,
  author        = {Piasecki, K. and others},
  title         = {{Centrality dependence of subthreshold $\phi$ meson production in Ni + Ni collisions at 1.9A GeV}},
  doi           = {10.1103/PhysRevC.94.014901},
  eprint        = {1602.04378},
  number        = {1},
  pages         = {014901},
  volume        = {94},
  archiveprefix = {arXiv},
  collaboration = {FOPI},
  journal       = {Phys. Rev. C},
  primaryclass  = {nucl-ex},
  year          = {2016},
}

@Article{Cleymans:2004bf,
  author        = {Cleymans, J. and Forster, A. and Oeschler, H. and Redlich, K. and Uhlig, F.},
  title         = {{On the chemical equilibration of strangeness-exchange reaction in heavy-ion collisions}},
  doi           = {10.1016/j.physletb.2004.09.078},
  eprint        = {hep-ph/0406108},
  pages         = {146--151},
  volume        = {603},
  archiveprefix = {arXiv},
  journal       = {Phys. Lett. B},
  year          = {2004},
}

@Article{Kraus:2007hf,
  author        = {Kraus, I. and Cleymans, J. and Oeschler, H. and Redlich, K. and Wheaton, S.},
  title         = {{Chemical Equilibrium in Collisions of Small Systems}},
  doi           = {10.1103/PhysRevC.76.064903},
  eprint        = {0707.3879},
  pages         = {064903},
  volume        = {76},
  archiveprefix = {arXiv},
  journal       = {Phys. Rev. C},
  primaryclass  = {hep-ph},
  year          = {2007},
}

@Article{Andronic:2010qu,
  author        = {Andronic, A. and Braun-Munzinger, P. and Stachel, J. and Stocker, H.},
  title         = {{Production of light nuclei, hypernuclei and their antiparticles in relativistic nuclear collisions}},
  doi           = {10.1016/j.physletb.2011.01.053},
  eprint        = {1010.2995},
  pages         = {203--207},
  volume        = {697},
  archiveprefix = {arXiv},
  journal       = {Phys. Lett. B},
  primaryclass  = {nucl-th},
  year          = {2011},
}

@Article{Stephanov:1999zu,
  author        = {Stephanov, Misha A. and Rajagopal, K. and Shuryak, Edward V.},
  title         = {{Event-by-event fluctuations in heavy ion collisions and the QCD critical point}},
  doi           = {10.1103/PhysRevD.60.114028},
  eprint        = {hep-ph/9903292},
  pages         = {114028},
  volume        = {60},
  archiveprefix = {arXiv},
  journal       = {Phys. Rev. D},
  reportnumber  = {ITP-SB-99-4, MIT-CTP-2834, SUNY-NTG-99-3},
  year          = {1999},
}

@Article{Stephanov:2011pb,
  author        = {Stephanov, M.A.},
  title         = {{On the sign of kurtosis near the QCD critical point}},
  doi           = {10.1103/PhysRevLett.107.052301},
  eprint        = {1104.1627},
  pages         = {052301},
  volume        = {107},
  archiveprefix = {arXiv},
  journal       = {Phys. Rev. Lett.},
  primaryclass  = {hep-ph},
  year          = {2011},
}

@Article{Adamczewski-Musch:2020slf,
  author        = {Adamczewski-Musch, J. and others},
  journaltitle  = {Phys. Rev. C},
  title         = {Proton-number fluctuations in sNN=2.4 GeV Au + Au collisions studied with the High-Acceptance DiElectron Spectrometer (HADES)},
  doi           = {10.1103/physrevc.102.024914},
  eprint        = {2002.08701},
  issn          = {2469-9985},
  volume        = {102},
  archiveprefix = {arXiv},
  collaboration = {HADES},
  month         = {2},
  primaryclass  = {nucl-ex},
  year          = {2020},
}

% ---------------- EM probes -----------------------------

@Article{Adam:2019mby,
  author        = {Adam, Jaroslav and others},
  title         = {{Probing Extreme Electromagnetic Fields with the Breit-Wheeler Process}},
  eprint        = {1910.12400},
  archiveprefix = {arXiv},
  collaboration = {STAR},
  month         = {10},
  primaryclass  = {nucl-ex},
  year          = {2019},
}

@Article{McLerran:1984ay,
  author       = {McLerran, Larry D. and Toimela, T.},
  title        = {{Photon and Dilepton Emission from the Quark - Gluon Plasma: Some General Considerations}},
  doi          = {10.1103/PhysRevD.31.545},
  pages        = {545},
  volume       = {31},
  journal      = {Phys. Rev. D},
  reportnumber = {FERMILAB-PUB-84-084-T},
  year         = {1985},
}

@Article{Weldon:1990iw,
  author  = {Weldon, H.A.},
  title   = {{Reformulation of finite temperature dilepton production}},
  doi     = {10.1103/PhysRevD.42.2384},
  pages   = {2384--2387},
  volume  = {42},
  journal = {Phys. Rev. D},
  year    = {1990},
}

@Article{Rapp:2014hha,
  author        = {Rapp, Ralf and van Hees, Hendrik},
  title         = {{Thermal Dileptons as Fireball Thermometer and Chronometer}},
  doi           = {10.1016/j.physletb.2015.12.065},
  eprint        = {1411.4612},
  pages         = {586--590},
  volume        = {753},
  archiveprefix = {arXiv},
  journal       = {Phys. Lett. B},
  primaryclass  = {hep-ph},
  year          = {2016},
}

@Article{Chatterjee:2007xk,
  author        = {Chatterjee, Rupa and Srivastava, Dinesh K. and Heinz, Ulrich W. and Gale, Charles},
  title         = {{Elliptic flow of thermal dileptons in relativistic nuclear collisions}},
  doi           = {10.1103/PhysRevC.75.054909},
  eprint        = {nucl-th/0702039},
  pages         = {054909},
  volume        = {75},
  archiveprefix = {arXiv},
  journal       = {Phys. Rev. C},
  year          = {2007},
}

@Article{Deng:2010pq,
  author        = {Deng, Jian and Wang, Qun and Xu, Nu and Zhuang, Pengfei},
  title         = {{Dilepton flow and deconfinement phase transition in heavy ion collisions}},
  doi           = {10.1016/j.physletb.2011.06.027},
  eprint        = {1009.3091},
  pages         = {581--586},
  volume        = {701},
  archiveprefix = {arXiv},
  journal       = {Phys. Lett. B},
  primaryclass  = {nucl-th},
  reportnumber  = {USTC-ICTS-10-16},
  year          = {2011},
}

@Article{Mohanty:2011fp,
  author        = {Mohanty, Payal and Roy, Victor and Ghosh, Sabyasachi and Das, Santosh K. and Mohanty, Bedangadas and Sarkar, Sourav and Alam, Jan-e and Chaudhuri, Asis K.},
  title         = {{Elliptic flow of thermal dileptons as a probe of QCD matter}},
  doi           = {10.1103/PhysRevC.85.031903},
  eprint        = {1111.2159},
  pages         = {031903},
  volume        = {85},
  archiveprefix = {arXiv},
  journal       = {Phys. Rev. C},
  primaryclass  = {nucl-th},
  year          = {2012},
}

@Article{Atchison:2017bpl,
  author  = {Atchison, J. and Rapp, R.},
  title   = {{The electric conductivity of a pion gas}},
  doi     = {10.1088/1742-6596/832/1/012057},
  number  = {1},
  pages   = {012057},
  volume  = {832},
  journal = {J. Phys. Conf. Ser.},
  year    = {2017},
}

@Article{Rapp:1999us,
  author        = {Rapp, Ralf and Wambach, Jochen},
  title         = {{Low mass dileptons at the CERN SPS: Evidence for chiral restoration?}},
  doi           = {10.1007/s100500050364},
  eprint        = {hep-ph/9907502},
  pages         = {415--420},
  volume        = {6},
  archiveprefix = {arXiv},
  journal       = {Eur. Phys. J. A},
  reportnumber  = {SUNY-NTG-99-25},
  year          = {1999},
}

@Article{Hohler:2013eba,
  author        = {Hohler, Paul M. and Rapp, Ralf},
  title         = {{Is $\rho$-Meson Melting Compatible with Chiral Restoration?}},
  doi           = {10.1016/j.physletb.2014.02.021},
  eprint        = {1311.2921},
  pages         = {103--109},
  volume        = {731},
  archiveprefix = {arXiv},
  journal       = {Phys. Lett. B},
  primaryclass  = {hep-ph},
  year          = {2014},
}

@Article{Jung:2019nnr,
  author        = {Jung, Christopher and von Smekal, Lorenz},
  title         = {{Fluctuating vector mesons in analytically continued functional RG flow equations}},
  doi           = {10.1103/PhysRevD.100.116009},
  eprint        = {1909.13712},
  number        = {11},
  pages         = {116009},
  volume        = {100},
  archiveprefix = {arXiv},
  journal       = {Phys. Rev. D},
  primaryclass  = {hep-ph},
  year          = {2019},
}

@Article{Adamczyk:2013caa,
  author        = {Adamczyk, L. and others},
  title         = {{Dielectron Mass Spectra from Au+Au Collisions at $\sqrt{s_{\rm NN}}$ = 200 GeV}},
  doi           = {10.1103/PhysRevLett.113.022301},
  eprint        = {1312.7397},
  note          = {[Addendum: Phys.Rev.Lett. 113, 049903 (2014)]},
  number        = {2},
  pages         = {022301},
  volume        = {113},
  archiveprefix = {arXiv},
  collaboration = {STAR},
  journal       = {Phys. Rev. Lett.},
  primaryclass  = {hep-ex},
  year          = {2014},
}

@Article{Adamczyk:2015lme,
  author        = {Adamczyk, L. and others},
  title         = {{Measurements of Dielectron Production in Au$+$Au Collisions at $\sqrt{s_{\rm NN}}$ = 200 GeV from the STAR Experiment}},
  doi           = {10.1103/PhysRevC.92.024912},
  eprint        = {1504.01317},
  number        = {2},
  pages         = {024912},
  volume        = {92},
  archiveprefix = {arXiv},
  collaboration = {STAR},
  journal       = {Phys. Rev. C},
  primaryclass  = {hep-ex},
  year          = {2015},
}

@Article{Adamczyk:2015mmx,
  author        = {Adamczyk, L. and others},
  title         = {{Energy dependence of acceptance-corrected dielectron excess mass spectrum at mid-rapidity in Au$+$Au collisions at $\sqrt{s_{NN}} =$ 19.6 and 200 GeV}},
  doi           = {10.1016/j.physletb.2015.08.044},
  eprint        = {1501.05341},
  pages         = {64--71},
  volume        = {750},
  archiveprefix = {arXiv},
  collaboration = {STAR},
  journal       = {Phys. Lett. B},
  primaryclass  = {hep-ex},
  year          = {2015},
}

@Article{Adam:2018qev,
  author        = {Adam, Jaroslav and others},
  title         = {{Measurements of Dielectron Production in Au$+$Au Collisions at $\sqrt{s_{NN}}$= 27, 39, and 62.4 GeV from the STAR Experiment}},
  eprint        = {1810.10159},
  archiveprefix = {arXiv},
  collaboration = {STAR},
  month         = {10},
  primaryclass  = {nucl-ex},
  year          = {2018},
}

@Article{Ding:2010ga,
  author        = {Ding, H.-T. and Francis, A. and Kaczmarek, O. and Karsch, F. and Laermann, E. and Soeldner, W.},
  title         = {{Thermal dilepton rate and electrical conductivity: An analysis of vector current correlation functions in quenched lattice QCD}},
  doi           = {10.1103/PhysRevD.83.034504},
  eprint        = {1012.4963},
  pages         = {034504},
  volume        = {83},
  archiveprefix = {arXiv},
  journal       = {Phys. Rev. D},
  primaryclass  = {hep-lat},
  reportnumber  = {BI-TP-2010-46},
  year          = {2011},
}

@Article{Brandt:2012jc,
  author        = {Brandt, Bastian B. and Francis, Anthony and Meyer, Harvey B. and Wittig, Hartmut},
  title         = {{Thermal Correlators in the $\rho$ channel of two-flavor QCD}},
  doi           = {10.1007/JHEP03(2013)100},
  eprint        = {1212.4200},
  pages         = {100},
  volume        = {03},
  archiveprefix = {arXiv},
  journal       = {JHEP},
  primaryclass  = {hep-lat},
  year          = {2013},
}

@Article{Li:2019sin,
  author        = {Li, Cong and Zhou, Jian and Zhou, Ya-Jin},
  title         = {{Impact parameter dependence of the azimuthal asymmetry in lepton pair production in heavy ion collisions}},
  doi           = {10.1103/PhysRevD.101.034015},
  eprint        = {1911.00237},
  number        = {3},
  pages         = {034015},
  volume        = {101},
  archiveprefix = {arXiv},
  journal       = {Phys. Rev. D},
  primaryclass  = {hep-ph},
  year          = {2020},
}

@Article{Klein:2020jom,
  author        = {Klein, Spencer and Mueller, A.H. and Xiao, Bo-Wen and Yuan, Feng},
  title         = {{Lepton Pair Production Through Two Photon Process in Heavy Ion Collisions}},
  eprint        = {2003.02947},
  archiveprefix = {arXiv},
  month         = {3},
  primaryclass  = {hep-ph},
  year          = {2020},
}

@Article{Speranza:2018osi,
  author        = {Speranza, Enrico and Jaiswal, Amaresh and Friman, Bengt},
  title         = {{Virtual photon polarization and dilepton anisotropy in relativistic nucleus--nucleus collisions}},
  doi           = {10.1016/j.physletb.2018.05.053},
  eprint        = {1802.02479},
  pages         = {395--400},
  volume        = {782},
  archiveprefix = {arXiv},
  journal       = {Phys. Lett. B},
  primaryclass  = {hep-ph},
  year          = {2018},
}

@Article{Schenke:2020mbo,
  author        = {Schenke, Bjoern and Shen, Chun and Tribedy, Prithwish},
  title         = {{Running the gamut of high energy nuclear collisions}},
  eprint        = {2005.14682},
  archiveprefix = {arXiv},
  month         = {5},
  primaryclass  = {nucl-th},
  year          = {2020},
}

@Online{sphenixpac,
  note = {sPHINIX PAC presentation \href{https://indico.bnl.gov/event/4905/contributions/28353/attachments/23241/33581/PAC_2019_Morrison.pdf}{\url{https://indico.bnl.gov/event/4905/contributions/28353/attachments/23241/33581/PAC_2019_Morrison.pdf}}},
}

@Misc{rhiclumin,
  note = {RHIC luminosity projection \href{https://www.rhichome.bnl.gov//RHIC/Runs/RhicProjections.pdf}{\url{https://www.rhichome.bnl.gov//RHIC/Runs/RhicProjections.pdf}}},
  key  = {Rhic Luminosity Projections},
}

@Misc{itpc,
  note = {SN0619 : A Proposal for STAR Inner TPC Sector Upgrade (iTPC) \href{https://drupal.star.bnl.gov/STAR/starnotes/public/sn0619}{\url{https://drupal.star.bnl.gov/STAR/starnotes/public/sn0619}}},
  key  = {SN0619},
}

@Misc{nsac2015,
  author       = {Aprahamian, Ani and others},
  title        = {{Reaching for the horizon: The 2015 long range plan for nuclear science}},
  note         = {The 2015 Long Range Plan for Nuclear Science “Reaching for the Horizon” \href{http://science.energy.gov/~/media/np/nsac/pdf/2015LRP/2015_LRPNS_091815.pdf}{\url{http://science.energy.gov/~/media/np/nsac/pdf/2015LRP/2015_LRPNS_091815.pdf}}},
  slaccitation = {%%CITATION = INSPIRE-1398831;%%},
  year         = {2015},
}

@Misc{fstar,
  note = {The STAR Forward Calorimeter System and Forward Tracking System beyond BES-II \href{https://drupal.star.bnl.gov/STAR/files/Proposal.ForwardUpgrade.Nov_.2018.Review.pdf}{\url{https://drupal.star.bnl.gov/STAR/files/Proposal.ForwardUpgrade.Nov_.2018.Review.pdf}}},
  key  = {STAR Forward Upgrade proposal},
}

@Article{TheSTAR:2016azy,
  author        = {{The CBM Collaboration eTOF Group}},
  title         = {{Physics Program for the STAR/CBM eTOF Upgrade}},
  eprint        = {1609.05102},
  archiveprefix = {arXiv},
  collaboration = {STAR, CBM eTOF Group},
  primaryclass  = {nucl-ex},
  slaccitation  = {%%CITATION = ARXIV:1609.05102;%%},
  year          = {2016},
}

@Article{Schenke:2019pmk,
  author        = {Schenke, Bjoern and Shen, Chun and Tribedy, Prithwish},
  title         = {{Hybrid Color Glass Condensate and hydrodynamic description of the Relativistic Heavy Ion Collider small system scan}},
  doi           = {10.1016/j.physletb.2020.135322},
  eprint        = {1908.06212},
  pages         = {135322},
  volume        = {803},
  archiveprefix = {arXiv},
  journal       = {Phys. Lett. B},
  primaryclass  = {nucl-th},
  year          = {2020},
}

@Article{Jiang:2016wve,
  author        = {Jiang, Yin and Shi, Shuzhe and Yin, Yi and Liao, Jinfeng},
  title         = {{Quantifying the chiral magnetic effect from anomalous-viscous fluid dynamics}},
  doi           = {10.1088/1674-1137/42/1/011001},
  eprint        = {1611.04586},
  number        = {1},
  pages         = {011001},
  volume        = {42},
  archiveprefix = {arXiv},
  journal       = {Chin. Phys. C},
  primaryclass  = {nucl-th},
  year          = {2018},
}

@Article{STAR:2019xzd,
  author        = {Adam, J. and others},
  title         = {{Charge-dependent pair correlations relative to a third particle in $p$ + Au and $d$+ Au collisions at RHIC}},
  doi           = {10.1016/j.physletb.2019.134975},
  eprint        = {1906.03373},
  pages         = {134975},
  volume        = {798},
  archiveprefix = {arXiv},
  collaboration = {STAR},
  journal       = {Phys. Lett. B},
  primaryclass  = {nucl-ex},
  year          = {2019},
}

@Article{Kharzeev:2017uym,
  author        = {Kharzeev, Dmitri and Tu, Zhoudunming and Zhang, Aobo and Li, Wei},
  title         = {{Effect of the fluctuating proton size on the study of the chiral magnetic effect in proton-nucleus collisions}},
  doi           = {10.1103/PhysRevC.97.024905},
  eprint        = {1712.02486},
  number        = {2},
  pages         = {024905},
  volume        = {97},
  archiveprefix = {arXiv},
  journal       = {Phys. Rev. C},
  primaryclass  = {nucl-th},
  year          = {2018},
}

@Article{Behera:2020mol,
  author        = {Behera, Arabinda and Nie, Maowu and Jia, Jiangyong},
  title         = {{Longitudinal eccentricity decorrelations in heavy ion collisions}},
  doi           = {10.1103/PhysRevResearch.2.023362},
  eprint        = {2003.04340},
  number        = {2},
  pages         = {023362},
  volume        = {2},
  archiveprefix = {arXiv},
  journal       = {Phys. Rev. Res.},
  primaryclass  = {nucl-th},
  year          = {2020},
}

@Article{Belmont:2016oqp,
  author        = {Belmont, R. and Nagle, J.L.},
  title         = {{To CME or not to CME? Implications of p+Pb measurements of the chiral magnetic effect in heavy ion collisions}},
  doi           = {10.1103/PhysRevC.96.024901},
  eprint        = {1610.07964},
  number        = {2},
  pages         = {024901},
  volume        = {96},
  archiveprefix = {arXiv},
  journal       = {Phys. Rev. C},
  primaryclass  = {nucl-th},
  year          = {2017},
}

@Article{Zhao:2017nfq,
  author        = {Zhao, Jie and Li, Hanlin and Wang, Fuqiang},
  title         = {{Isolating the chiral magnetic effect from backgrounds by pair invariant mass}},
  doi           = {10.1140/epjc/s10052-019-6671-1},
  eprint        = {1705.05410},
  number        = {2},
  pages         = {168},
  volume        = {79},
  archiveprefix = {arXiv},
  journal       = {Eur. Phys. J. C},
  primaryclass  = {nucl-ex},
  year          = {2019},
}

@Article{Hammelmann:2019vwd,
  author        = {Hammelmann, Jan and Soto-Ontoso, Alba and Alvioli, Massimiliano and Elfner, Hannah and Strikman, Mark},
  title         = {{Influence of the neutron-skin effect on nuclear isobar collisions at RHIC}},
  eprint        = {1908.10231},
  archiveprefix = {arXiv},
  month         = {8},
  primaryclass  = {nucl-th},
  year          = {2019},
}

@Article{Xu:2017zcn,
  author        = {Xu, Hao-Jie and Wang, Xiaobao and Li, Hanlin and Zhao, Jie and Lin, Zi-Wei and Shen, Caiwan and Wang, Fuqiang},
  title         = {{Importance of isobar density distributions on the chiral magnetic effect search}},
  doi           = {10.1103/PhysRevLett.121.022301},
  eprint        = {1710.03086},
  number        = {2},
  pages         = {022301},
  volume        = {121},
  archiveprefix = {arXiv},
  journal       = {Phys. Rev. Lett.},
  primaryclass  = {nucl-th},
  year          = {2018},
}

@Article{Deng:2018dut,
  author        = {Deng, Wei-Tian and Huang, Xu-Guang and Ma, Guo-Liang and Wang, Gang},
  title         = {{Predictions for isobaric collisions at $\sqrt{s_{_{\rm NN}}}$ = 200 GeV from a multiphase transport model}},
  doi           = {10.1103/PhysRevC.97.044901},
  eprint        = {1802.02292},
  number        = {4},
  pages         = {044901},
  volume        = {97},
  archiveprefix = {arXiv},
  journal       = {Phys. Rev. C},
  primaryclass  = {nucl-th},
  year          = {2018},
}

@Article{Tang2019,
  author        = {A. H. Tang},
  title         = {Probe Chiral Magnetic Effect with Signed Balance Function},
  doi           = {10.1088/1674-1137/44/5/054101},
  eprint        = {1903.04622},
  abstract      = {In this paper a pair of observables are proposed as alternative ways, by examining the fluctuation of net momentum-ordering of charged pairs, to study the charge separation induced by the Chiral Magnetic Effect (CME) in relativistic heavy ion collisions. They are, the out-of-plane to in-plane ratio of fluctuation of the difference between signed balance functions measured in pair's rest frame, and the ratio of it to similar measurement made in the laboratory frame. Both observables have been studied with simulations including flow-related backgrounds, and for the first time, backgrounds that are related to resonance's global spin alignment. The two observables have similar positive responses to signal, and opposite, limited responses to identifiable backgrounds arising from resonance flow and spin alignment. Both observables have also been tested with two realistic models, namely, a multi-phase transport (AMPT) model and the anomalous-viscous fluid dynamics (AVFD) model. These two observables, when cross examined, will provide useful insights in the study of CME-induced charge separation.},
  archiveprefix = {arXiv},
  file          = {:http\://arxiv.org/pdf/1903.04622v2:PDF},
  journal       = {Chinese Phys. C 44 054101 (2020)},
  keywords      = {nucl-ex, nucl-th},
  month         = mar,
  primaryclass  = {nucl-ex},
  year          = {2019},
}

@Article{Lin2021,
  author       = {Yufu Lin},
  journaltitle = {Nuclear Physics A},
  title        = {Measurement of the charge separation along the magnetic field with Signed Balance Function in 200 GeV Au + Au collisions at STAR},
  doi          = {10.1016/j.nuclphysa.2020.121828},
  issn         = {0375-9474},
  pages        = {121828},
  volume       = {1005},
  year         = {2021},
}

@Article{Klijnsma2017,
  author      = {Thomas Klijnsma and Siegfried Bethke and Günther Dissertori and Gavin P. Salam},
  date        = {2017-08},
  title       = {Determination of the strong coupling constant $α_s(m_Z)$ from measurements of the total cross section for top-antitop quark production},
  doi         = {10.1140/epjc/s10052-017-5340-5},
  eprint      = {1708.07495},
  eprintclass = {hep-ph},
  eprinttype  = {arXiv},
  abstract    = {We present a determination of the strong coupling constant $\alpha_s(m_Z)$ using inclusive top-quark pair production cross section measurements performed at the LHC and at the Tevatron. Following a procedure first applied by the CMS collaboration, we extract individual values of $\alpha_s(m_Z)$ from measurements by different experiments at several centre-of-mass energies, using QCD predictions complete in NNLO perturbation theory, supplemented with NNLL approximations to all orders, and suitable sets of parton distribution functions. The determinations are then combined using a likelihood-based approach, where special emphasis is put on a consistent treatment of theoretical uncertainties and of correlations between various sources of systematic uncertainties. Our final combined result is $\alpha_s(m_Z) = 0.1177^{+0.0034}_{-0.0036}$.},
  file        = {:http\://arxiv.org/pdf/1708.07495v2:PDF},
  keywords    = {hep-ph, hep-ex},
}

@Article{Siegfried2016,
  author       = {Bethke Siegfried and Dissertori Günther and Salam Gavin},
  date         = {2016},
  journaltitle = {EPJ Web of Conferences},
  title        = {World Summary of αs (2015)},
  doi          = {10.1051/epjconf/201612007005},
  issn         = {2100-014X},
  pages        = {07005},
  url          = {http://dx.doi.org/10.1051/epjconf/201612007005},
  volume       = {120},
  abstract     = {This is a preliminary update of the measurements of αs and the determination of the world average value of αs (M2Z) presented in the 2013/2014 edition of the Review of Particle Properties [1].},
  publisher    = {EDP Sciences},
}

@Article{Bethke2019,
  author       = {Bethke, Siegfried},
  date         = {2019},
  journaltitle = {PoS},
  title        = {Pre-2019 summaries of α_s},
  doi          = {10.22323/1.365.0001},
  pages        = {001},
  volume       = {ALPHAS2019},
}

@Article{Adam2019,
  author        = {Adam, J. and others},
  date          = {2019-11},
  title         = {Methods for a blind analysis of isobar data collected by the STAR collaboration},
  eprint        = {1911.00596},
  eprintclass   = {nucl-ex},
  eprinttype    = {arXiv},
  collaboration = {STAR},
}

@Comment{jabref-meta: databaseType:biblatex;}
