% Encoding: UTF-8

@article{STAR:2015tnn,
    author = "Adamczyk, L. and others",
    collaboration = "STAR",
    title = "{Measurements of Dielectron Production in Au$+$Au Collisions at $\sqrt{s_{\rm NN}}$ = 200 GeV from the STAR Experiment}",
    eprint = "1504.01317",
    archivePrefix = "arXiv",
    primaryClass = "hep-ex",
    doi = "10.1103/PhysRevC.92.024912",
    journal = "Phys. Rev. C",
    volume = "92",
    number = "2",
    pages = "024912",
    year = "2015"
}

@article{STAR:2015ts,
    author = "Adamczyk, L. and others",
    collaboration = "STAR",
    title = "{Measurements of Dielectron Production in Au$+$Au Collisions at $\sqrt{s_{\rm NN}}$ = 200 GeV from the STAR Experiment}",
    eprint = "1504.01317",
    archivePrefix = "arXiv",
    primaryClass = "hep-ex",
    doi = "10.1103/PhysRevC.92.024912",
    journal = "Phys. Rev. C",
    volume = "92",
    number = "2",
    pages = "024912",
    year = "2015"
}
@article{Die:photonic_source,
    author = "Zaochen Ye",
    title = "{\url{https://drupal.star.bnl.gov/STAR/system/files/Die_Vz30cm_ZaochenYe_2020_1020.pdf}}",
}
@article{Die:QA_badrun,
    author = "Zhen Wang",
    title = "{\url{https://drupal.star.bnl.gov/STAR/system/files/201800712_QA\%2526rawsigna_v3d.pdf}}",
}
@article{Die:pure_Sample,
    author = "Zhen Wang",
    title = "{\url{https://drupal.star.bnl.gov/STAR/system/files/PureSampleandPurity0429.pdf}}",
}
@article{Die:PDG,
    author = "PDG live",
    title = "{\url{https://pdglive.lbl.gov/DataBlock.action?node=S003M}}",
}
@article{Die:BESI_note,
    author = "STAR BES-I dielectron analysis note",
    title = "{\url{https://drupal.star.bnl.gov/STAR/system/files/BES_Dielectron_Note_091818.pdf}}",
}

@article{PhysRevC.81.034911,
  title = {Detailed measurement of the ${e}^{+}{e}^{\ensuremath{-}}$ pair continuum in $p+p$ and $\mathrm{Au}+\mathrm{Au}$ collisions at $\sqrt{{s}_{\mathit{NN}}}=200$ GeV and implications for direct photon production},
  author = {Adare, A. et al.},
  collaboration = {PHENIX Collaboration},
  journal = {Phys. Rev. C},
  volume = {81},
  issue = {3},
  pages = {034911},
  numpages = {56},
  year = {2010},
  month = {Mar},
  publisher = {American Physical Society},
  doi = {10.1103/PhysRevC.81.034911},
  url = {https://link.aps.org/doi/10.1103/PhysRevC.81.034911}
}

@article{PhysRevD.86.072013,
  title = {Measurements of ${D}^{0}$ and ${D}^{\mathbf{*}}$ production in $p\mathbf{+}p$ collisions at $\sqrt{s}\mathbf{=}200\text{ }\text{ }\mathrm{GeV}$},
  author = {Adamczyk, L. and Agakishiev, G. and Aggarwal, M. M. and Ahammed, Z. and Alakhverdyants, A. V. and Alekseev, I. and Alford, J. and Anderson, B. D. and Anson, C. D. and Arkhipkin, D. and Aschenauer, E. and Averichev, G. S. and Balewski, J. and Banerjee, A. and Barnovska, Z. and Beavis, D. R. and Bellwied, R. and Betancourt, M. J. and Betts, R. R. and Bhasin, A. and Bhati, A. K. and Bichsel, H. and Bielcik, J. and Bielcikova, J. and Bland, L. C. and Bordyuzhin, I. G. and Borowski, W. and Bouchet, J. and Brandin, A. V. and Brovko, S. G. and Bruna, E. and Bueltmann, S. and Bunzarov, I. and Burton, T. P. and Butterworth, J. and Cai, X. Z. and Caines, H. and Calder\'on de la Barca S\'anchez, M. and Cebra, D. and Cendejas, R. and Cervantes, M. C. and Chaloupka, P. and Chattopadhyay, S. and Chen, H. F. and Chen, J. H. and Chen, J. Y. and Chen, L. and Cheng, J. and Cherney, M. and Chikanian, A. and Christie, W. and Chung, P. and Chwastowski, J. and Codrington, M. J. M. and Corliss, R. and Cramer, J. G. and Crawford, H. J. and Cui, X. and Davila Leyva, A. and De Silva, L. C. and Debbe, R. R. and Dedovich, T. G. and Deng, J. and Derradi de Souza, R. and Dhamija, S. and Didenko, L. and Ding, F. and Dion, A. and Djawotho, P. and Dong, X. and Drachenberg, J. L. and Draper, J. E. and Du, C. M. and Dunkelberger, L. E. and Dunlop, J. C. and Efimov, L. G. and Elnimr, M. and Engelage, J. and Eppley, G. and Eun, L. and Evdokimov, O. and Fatemi, R. and Fazio, S. and Fedorisin, J. and Fersch, R. G. and Filip, P. and Finch, E. and Fisyak, Y. and Gagliardi, C. A. and Gangadharan, D. R. and Geurts, F. and Gliske, S. and Gorbunov, Y. N. and Grebenyuk, O. G. and Grosnick, D. and Gupta, S. and Guryn, W. and Haag, B. and Hajkova, O. and Hamed, A. and Han, L-X. and Harris, J. W. and Hays-Wehle, J. P. and Heppelmann, S. and Hirsch, A. and Hoffmann, G. W. and Hofman, D. J. and Horvat, S. and Huang, B. and Huang, H. Z. and Huck, P. and Humanic, T. J. and Huo, L. and Igo, G. and Jacobs, W. W. and Jena, C. and Joseph, J. and Judd, E. G. and Kabana, S. and Kang, K. and Kapitan, J. and Kauder, K. and Ke, H. W. and Keane, D. and Kechechyan, A. and Kesich, A. and Kettler, D. and Kikola, D. P. and Kiryluk, J. and Kisiel, A. and Kizka, V. and Klein, S. R. and Koetke, D. D. and Kollegger, T. and Konzer, J. and Koralt, I. and Koroleva, L. and Korsch, W. and Kotchenda, L. and Kravtsov, P. and Krueger, K. and Kumar, L. and Lamont, M. A. C. and Landgraf, J. M. and LaPointe, S. and Lauret, J. and Lebedev, A. and Lednicky, R. and Lee, J. H. and Leight, W. and LeVine, M. J. and Li, C. and Li, L. and Li, W. and Li, X. and Li, X. and Li, Y. and Li, Z. M. and Lima, L. M. and Lisa, M. A. and Liu, F. and Ljubicic, T. and Llope, W. J. and Longacre, R. S. and Lu, Y. and Luo, X. and Luszczak, A. and Ma, G. L. and Ma, Y. G. and Madagodagettige Don, D. M. M. D. and Mahapatra, D. P. and Majka, R. and Mall, O. I. and Margetis, S. and Markert, C. and Masui, H. and Matis, H. S. and McDonald, D. and McShane, T. S. and Mioduszewski, S. and Mitrovski, M. K. and Mohammed, Y. and Mohanty, B. and Morozov, B. and Munhoz, M. G. and Mustafa, M. K. and Naglis, M. and Nandi, B. K. and Nasim, Md. and Nayak, T. K. and Nogach, L. V. and Novak, J. and Odyniec, G. and Ogawa, A. and Oh, K. and Ohlson, A. and Okorokov, V. and Oldag, E. W. and Oliveira, R. A. N. and Olson, D. and Ostrowski, P. and Pachr, M. and Page, B. S. and Pal, S. K. and Pan, Y. X. and Pandit, Y. and Panebratsev, Y. and Pawlak, T. and Pawlik, B. and Pei, H. and Perkins, C. and Peryt, W. and Pile, P. and Planinic, M. and Pluta, J. and Plyku, D. and Poljak, N. and Porter, J. and Poskanzer, A. M. and Powell, C. B. and Prindle, D. and Pruneau, C. and Pruthi, N. K. and Przybycien, M. and Pujahari, P. R. and Putschke, J. and Qiu, H. and Raniwala, R. and Raniwala, S. and Ray, R. L. and Redwine, R. and Reed, R. and Riley, C. K. and Ritter, H. G. and Roberts, J. B. and Rogachevskiy, O. V. and Romero, J. L. and Ross, J. F. and Ruan, L. and Rusnak, J. and Sahoo, N. R. and Sakrejda, I. and Salur, S. and Sandacz, A. and Sandweiss, J. and Sangaline, E. and Sarkar, A. and Schambach, J. and Scharenberg, R. P. and Schmah, A. M. and Schmidke, B. and Schmitz, N. and Schuster, T. R. and Seele, J. and Seger, J. and Seyboth, P. and Shah, N. and Shahaliev, E. and Shao, M. and Sharma, B. and Sharma, M. and Shi, S. S. and Shou, Q. Y. and Sichtermann, E. P. and Singaraju, R. N. and Skoby, M. J. and Smirnov, D. and Smirnov, N. and Solanki, D. and Sorensen, P. and deSouza, U. G. and Spinka, H. M. and Srivastava, B. and Stanislaus, T. D. S. and Steadman, S. G. and Stevens, J. R. and Stock, R. and Strikhanov, M. and Stringfellow, B. and Suaide, A. A. P. and Suarez, M. C. and Sumbera, M. and Sun, X. M. and Sun, Y. and Sun, Z. and Surrow, B. and Svirida, D. N. and Symons, T. J. M. and Szanto de Toledo, A. and Takahashi, J. and Tang, A. H. and Tang, Z. and Tarini, L. H. and Tarnowsky, T. and Thein, D. and Thomas, J. H. and Tian, J. and Timmins, A. R. and Tlusty, D. and Tokarev, M. and Trainor, T. A. and Trentalange, S. and Tribble, R. E. and Tribedy, P. and Trzeciak, B. A. and Tsai, O. D. and Turnau, J. and Ullrich, T. and Underwood, D. G. and Van Buren, G. and van Nieuwenhuizen, G. and Vanfossen, J. A. and Varma, R. and Vasconcelos, G. M. S. and Videb\ae{}k, F. and Viyogi, Y. P. and Vokal, S. and Voloshin, S. A. and Vossen, A. and Wada, M. and Wang, F. and Wang, G. and Wang, H. and Wang, J. S. and Wang, Q. and Wang, X. L. and Wang, Y. and Webb, G. and Webb, J. C. and Westfall, G. D. and Whitten, C. and Wieman, H. and Wissink, S. W. and Witt, R. and Witzke, W. and Wu, Y. F. and Xiao, Z. and Xie, W. and Xin, K. and Xu, H. and Xu, N. and Xu, Q. H. and Xu, W. and Xu, Y. and Xu, Z. and Xue, L. and Yang, Y. and Yang, Y. and Yepes, P. and Yi, Y. and Yip, K. and Yoo, I-K. and Zawisza, M. and Zbroszczyk, H. and Zhang, J. B. and Zhang, S. and Zhang, W. M. and Zhang, X. P. and Zhang, Y. and Zhang, Z. P. and Zhao, F. and Zhao, J. and Zhong, C. and Zhu, X. and Zhu, Y. H. and Zoulkarneeva, Y.},
  collaboration = {STAR Collaboration},
  journal = {Phys. Rev. D},
  volume = {86},
  issue = {7},
  pages = {072013},
  numpages = {14},
  year = {2012},
  month = {Oct},
  publisher = {American Physical Society},
  doi = {10.1103/PhysRevD.86.072013},
  url = {https://link.aps.org/doi/10.1103/PhysRevD.86.072013}
}

@article{Guo:2014rba,
    author = "Guo, Yi",
    collaboration = "STAR",
    title = "{Dielectron production in 200 GeV p+p and Au+Au collisions at STAR}",
    eprint = "1407.6788",
    archivePrefix = "arXiv",
    primaryClass = "hep-ex",
    doi = "10.1088/1742-6596/535/1/012006",
    journal = "J. Phys. Conf. Ser.",
    volume = "535",
    pages = "012006",
    year = "2014"
}

@article{STAR:2012dzw,
    author = "Adamczyk, L. and others",
    collaboration = "STAR",
    title = "{Di-electron spectrum at mid-rapidity in $p+p$ collisions at $\sqrt{s} = 200$ GeV}",
    eprint = "1204.1890",
    archivePrefix = "arXiv",
    primaryClass = "nucl-ex",
    doi = "10.1103/PhysRevC.86.024906",
    journal = "Phys. Rev. C",
    volume = "86",
    pages = "024906",
    year = "2012"
}

@article{STAR:2015zal,
    author = "Adamczyk, L. and others",
    collaboration = "STAR",
    title = "{Energy dependence of acceptance-corrected dielectron excess mass spectrum at mid-rapidity in Au$+$Au collisions at $\sqrt{s_{NN}} =$ 19.6  and 200 GeV}",
    eprint = "1501.05341",
    archivePrefix = "arXiv",
    primaryClass = "hep-ex",
    doi = "10.1016/j.physletb.2015.08.044",
    journal = "Phys. Lett. B",
    volume = "750",
    pages = "64--71",
    year = "2015"
}

@article{Specht:2010xu,
    author = "Specht, Hans J.",
    editor = "Nieves, Juan M. and Oset, Eulogio and Vicente Vacas, Manuel J.",
    collaboration = "NA60",
    title = "{Thermal Dileptons from Hot and Dense Strongly Interacting Matter}",
    eprint = "1011.0615",
    archivePrefix = "arXiv",
    primaryClass = "nucl-ex",
    doi = "10.1063/1.3541982",
    journal = "AIP Conf. Proc.",
    volume = "1322",
    number = "1",
    pages = "1--10",
    year = "2010"
}

@article{STAR:2002caw,
    author = "Adler, C. and others",
    collaboration = "STAR",
    title = "{Coherent rho0 production in ultraperipheral heavy ion collisions}",
    eprint = "nucl-ex/0206004",
    archivePrefix = "arXiv",
    doi = "10.1103/PhysRevLett.89.272302",
    journal = "Phys. Rev. Lett.",
    volume = "89",
    pages = "272302",
    year = "2002"
}

@article{Shuryak:2002kd,
    author = "Shuryak, E. V. and Brown, G. E.",
    title = "{Matter induced modification of resonances at RHIC freezeout}",
    eprint = "hep-ph/0211119",
    archivePrefix = "arXiv",
    doi = "10.1016/S0375-9474(03)00672-9",
    journal = "Nucl. Phys. A",
    volume = "717",
    pages = "322--335",
    year = "2003"
}

@article{Kolb:2003bk,
    author = "Kolb, Peter F. and Prakash, Madappa",
    title = "{Spectroscopy of resonance decays in high-energy heavy ion experiments}",
    eprint = "nucl-th/0301007",
    archivePrefix = "arXiv",
    reportNumber = "SUNY-NTG-03-01",
    doi = "10.1103/PhysRevC.67.044902",
    journal = "Phys. Rev. C",
    volume = "67",
    pages = "044902",
    year = "2003"
}

@article{Rapp:2003ar,
    author = "Rapp, Ralf",
    title = "{pi+ pi- emission in high-energy nuclear collisions}",
    eprint = "hep-ph/0305011",
    archivePrefix = "arXiv",
    doi = "10.1016/S0375-9474(03)01581-1",
    journal = "Nucl. Phys. A",
    volume = "725",
    pages = "254--268",
    year = "2003"
}

@article{Rapp:2014hha,
    author = "Rapp, Ralf and van Hees, Hendrik",
    title = "{Thermal Dileptons as Fireball Thermometer and Chronometer}",
    eprint = "1411.4612",
    archivePrefix = "arXiv",
    primaryClass = "hep-ph",
    doi = "10.1016/j.physletb.2015.12.065",
    journal = "Phys. Lett. B",
    volume = "753",
    pages = "586--590",
    year = "2016"
}

@article{HotQCD:2018pds,
    author = "Bazavov, A. and others",
    collaboration = "HotQCD",
    title = "{Chiral crossover in QCD at zero and non-zero chemical potentials}",
    eprint = "1812.08235",
    archivePrefix = "arXiv",
    primaryClass = "hep-lat",
    doi = "10.1016/j.physletb.2019.05.013",
    journal = "Phys. Lett. B",
    volume = "795",
    pages = "15--21",
    year = "2019"
}

@article{STAR:2017sal,
    author = "Adamczyk, L. and others",
    collaboration = "STAR",
    title = "{Bulk Properties of the Medium Produced in Relativistic Heavy-Ion Collisions from the Beam Energy Scan Program}",
    eprint = "1701.07065",
    archivePrefix = "arXiv",
    primaryClass = "nucl-ex",
    doi = "10.1103/PhysRevC.96.044904",
    journal = "Phys. Rev. C",
    volume = "96",
    number = "4",
    pages = "044904",
    year = "2017"
}

@article{Andronic:2017pug,
    author = "Andronic, Anton and Braun-Munzinger, Peter and Redlich, Krzysztof and Stachel, Johanna",
    title = "{Decoding the phase structure of QCD via particle production at high energy}",
    eprint = "1710.09425",
    archivePrefix = "arXiv",
    primaryClass = "nucl-th",
    doi = "10.1038/s41586-018-0491-6",
    journal = "Nature",
    volume = "561",
    number = "7723",
    pages = "321--330",
    year = "2018"
}

@article{HADES:2019auv,
    author = "Adamczewski-Musch, J. and others",
    collaboration = "HADES",
    title = "{Probing dense baryon-rich matter with virtual photons}",
    doi = "10.1038/s41567-019-0583-8",
    journal = "Nature Phys.",
    volume = "15",
    number = "10",
    pages = "1040--1045",
    year = "2019"
}

@article{Rapp:2000pe,
    author = "Rapp, R.",
    title = "{Signatures of thermal dilepton radiation at RHIC}",
    eprint = "hep-ph/0010101",
    archivePrefix = "arXiv",
    reportNumber = "SUNY-NTG-00-41",
    doi = "10.1103/PhysRevC.63.054907",
    journal = "Phys. Rev. C",
    volume = "63",
    pages = "054907",
    year = "2001"
}

@article{vanHees:2006ng,
    author = "van Hees, Hendrik and Rapp, Ralf",
    title = "{Comprehensive interpretation of thermal dileptons at the SPS}",
    eprint = "hep-ph/0603084",
    archivePrefix = "arXiv",
    doi = "10.1103/PhysRevLett.97.102301",
    journal = "Phys. Rev. Lett.",
    volume = "97",
    pages = "102301",
    year = "2006"
}

@article{vanHees:2007th,
    author = "van Hees, Hendrik and Rapp, Ralf",
    title = "{Dilepton Radiation at the CERN Super Proton Synchrotron}",
    eprint = "0711.3444",
    archivePrefix = "arXiv",
    primaryClass = "hep-ph",
    doi = "10.1016/j.nuclphysa.2008.03.009",
    journal = "Nucl. Phys. A",
    volume = "806",
    pages = "339--387",
    year = "2008"
}

@article{Rapp:2013nxa,
    author = "Rapp, Ralf",
    title = "{Dilepton Spectroscopy of QCD Matter at Collider Energies}",
    eprint = "1304.2309",
    archivePrefix = "arXiv",
    primaryClass = "hep-ph",
    doi = "10.1155/2013/148253",
    journal = "Adv. High Energy Phys.",
    volume = "2013",
    pages = "148253",
    year = "2013"
}

@article{Cassing:2009vt,
    author = "Cassing, W. and Bratkovskaya, E. L.",
    title = "{Parton-Hadron-String Dynamics: an off-shell transport approach for relativistic energies}",
    eprint = "0907.5331",
    archivePrefix = "arXiv",
    primaryClass = "nucl-th",
    doi = "10.1016/j.nuclphysa.2009.09.007",
    journal = "Nucl. Phys. A",
    volume = "831",
    pages = "215--242",
    year = "2009"
}

@article{Linnyk:2015rco,
    author = "Linnyk, O. and Bratkovskaya, E. L. and Cassing, W.",
    title = "{Effective QCD and transport description of dilepton and photon production in heavy-ion collisions and elementary processes}",
    eprint = "1512.08126",
    archivePrefix = "arXiv",
    primaryClass = "nucl-th",
    doi = "10.1016/j.ppnp.2015.12.003",
    journal = "Prog. Part. Nucl. Phys.",
    volume = "87",
    pages = "50--115",
    year = "2016"
}

@article{Bratkovskaya:2007jk,
    author = "Bratkovskaya, E. L. and Cassing, W.",
    title = "{Dilepton production and off-shell transport dynamics at SIS energies}",
    eprint = "0712.0635",
    archivePrefix = "arXiv",
    primaryClass = "nucl-th",
    doi = "10.1016/j.nuclphysa.2008.04.004",
    journal = "Nucl. Phys. A",
    volume = "807",
    pages = "214--250",
    year = "2008"
}

@article{Bratkovskaya:1996qe,
    author = "Bratkovskaya, E. L. and Cassing, W.",
    title = "{Dilepton production from AGS to SPS energies within a relativistic transport approach}",
    eprint = "nucl-th/9611042",
    archivePrefix = "arXiv",
    reportNumber = "UGI-96-25",
    doi = "10.1016/S0375-9474(97)00140-1",
    journal = "Nucl. Phys. A",
    volume = "619",
    pages = "413--446",
    year = "1997"
}

@article{Song:2018xca,
    author = "Song, Taesoo and Cassing, Wolfgang and Moreau, Pierre and Bratkovskaya, Elena",
    title = "{Open charm and dileptons from relativistic heavy-ion collisions}",
    eprint = "1803.02698",
    archivePrefix = "arXiv",
    primaryClass = "nucl-th",
    doi = "10.1103/PhysRevC.97.064907",
    journal = "Phys. Rev. C",
    volume = "97",
    number = "6",
    pages = "064907",
    year = "2018"
}

@article{STAR:2019wlg,
    author = "Adam, Jaroslav and others",
    collaboration = "STAR",
    title = "{Measurement of $e^+e^-$ Momentum and Angular Distributions from Linearly Polarized Photon Collisions}",
    eprint = "1910.12400",
    archivePrefix = "arXiv",
    primaryClass = "nucl-ex",
    doi = "10.1103/PhysRevLett.127.052302",
    journal = "Phys. Rev. Lett.",
    volume = "127",
    number = "5",
    pages = "052302",
    year = "2021"
}

@article{STAR:2018ldd,
    author = "Adam, Jaroslav and others",
    collaboration = "STAR",
    title = "{Low-$p_T$ $e^{+}e^{-}$ pair production in Au$+$Au collisions at $\sqrt{s_{NN}}$ = 200 GeV and U$+$U collisions at $\sqrt{s_{NN}}$ = 193 GeV at STAR}",
    eprint = "1806.02295",
    archivePrefix = "arXiv",
    primaryClass = "hep-ex",
    doi = "10.1103/PhysRevLett.121.132301",
    journal = "Phys. Rev. Lett.",
    volume = "121",
    number = "13",
    pages = "132301",
    year = "2018"
}

@article{STAR:2021fgw,
    author = "Abdallah, M. S. and others",
    collaboration = "STAR",
    title = "{Evidence for Nonlinear Gluon Effects in QCD and their $A$ Dependence at STAR}",
    eprint = "2111.10396",
    archivePrefix = "arXiv",
    primaryClass = "nucl-ex",
    doi = "10.1103/PhysRevLett.129.092501",
    month = "11",
    year = "2021"
}

@article{STAR:2013pwb,
    author = "Adamczyk, L. and others",
    collaboration = "STAR",
    title = "{Dielectron Mass Spectra from Au+Au Collisions at $\sqrt{s_{\rm NN}}$ = 200 GeV}",
    eprint = "1312.7397",
    archivePrefix = "arXiv",
    primaryClass = "hep-ex",
    doi = "10.1103/PhysRevLett.113.022301",
    journal = "Phys. Rev. Lett.",
    volume = "113",
    number = "2",
    pages = "022301",
    year = "2014",
    note = "[Addendum: Phys.Rev.Lett. 113, 049903 (2014)]"
}

@article{Chen:2020zuw,
    author = "Chen, Jia and Deng, Jian and Tang, Zebo and Xu, Zhangbu and Yi, Li",
    title = "{Nonequilibrium kinetic freeze-out properties in relativistic heavy ion collisions from energies employed at the RHIC beam energy scan to those available at the LHC}",
    eprint = "2012.02986",
    archivePrefix = "arXiv",
    primaryClass = "nucl-th",
    doi = "10.1103/PhysRevC.104.034901",
    journal = "Phys. Rev. C",
    volume = "104",
    number = "3",
    pages = "034901",
    year = "2021"
}

@article{Workman:2022ynf,
    author = "Workman, R. L. and Others",
    collaboration = "Particle Data Group",
    title = "{Review of Particle Physics}",
    doi = "10.1093/ptep/ptac097",
    journal = "PTEP",
    volume = "2022",
    pages = "083C01",
    year = "2022"
}

@article{STAR:2017sal,
    author = "Adamczyk, L. and others",
    collaboration = "STAR",
    title = "{Bulk Properties of the Medium Produced in Relativistic Heavy-Ion Collisions from the Beam Energy Scan Program}",
    eprint = "1701.07065",
    archivePrefix = "arXiv",
    primaryClass = "nucl-ex",
    doi = "10.1103/PhysRevC.96.044904",
    journal = "Phys. Rev. C",
    volume = "96",
    number = "4",
    pages = "044904",
    year = "2017"
}

@article{STAR:2012nbd,
    author = "Adamczyk, L. and others",
    collaboration = "STAR",
    title = "{Measurements of $D^{0}$ and $D^{*}$ Production in $p+p$ Collisions at $\sqrt{s} = 200$ GeV}",
    eprint = "1204.4244",
    archivePrefix = "arXiv",
    primaryClass = "nucl-ex",
    doi = "10.1103/PhysRevD.86.072013",
    journal = "Phys. Rev. D",
    volume = "86",
    pages = "072013",
    year = "2012"
}

@article{ATLAS:2012yve,
    author = "Aad, Georges and others",
    collaboration = "ATLAS",
    title = "{Observation of a new particle in the search for the Standard Model Higgs boson with the ATLAS detector at the LHC}",
    eprint = "1207.7214",
    archivePrefix = "arXiv",
    primaryClass = "hep-ex",
    reportNumber = "CERN-PH-EP-2012-218",
    doi = "10.1016/j.physletb.2012.08.020",
    journal = "Phys. Lett. B",
    volume = "716",
    pages = "1--29",
    year = "2012"
}

@article{CMS:2012qbp,
    author = "Chatrchyan, Serguei and others",
    collaboration = "CMS",
    title = "{Observation of a New Boson at a Mass of 125 GeV with the CMS Experiment at the LHC}",
    eprint = "1207.7235",
    archivePrefix = "arXiv",
    primaryClass = "hep-ex",
    reportNumber = "CMS-HIG-12-028, CERN-PH-EP-2012-220",
    doi = "10.1016/j.physletb.2012.08.021",
    journal = "Phys. Lett. B",
    volume = "716",
    pages = "30--61",
    year = "2012"
}

@article{Glashow:1959wxa,
    author = "Glashow, Sheldon L.",
    title = "{The renormalizability of vector meson interactions}",
    doi = "10.1016/0029-5582(59)90196-8",
    journal = "Nucl. Phys.",
    volume = "10",
    pages = "107--117",
    year = "1959"
}

@article{Weinberg:1967tq,
    author = "Weinberg, Steven",
    title = "{A Model of Leptons}",
    doi = "10.1103/PhysRevLett.19.1264",
    journal = "Phys. Rev. Lett.",
    volume = "19",
    pages = "1264--1266",
    year = "1967"
}

@article{Fermi:1934,
    author = "Fermi, E",
    title = "{Versuch einer Theorie der β-Strahlen. I}",
    doi = "https://doi.org/10.1007/BF01351864",
    journal = "Z. Physik",
    volume = "88",
    pages = "161-77",
    year = "1934"
}