% Encoding: UTF-8
@article{Die:BESI_note,
    author = "STAR BES-I dielectron analysis note",
    title = "{\url{https://drupal.star.bnl.gov/STAR/system/files/BES_Dielectron_Note_091818.pdf}}",
}

@article{Die:Chi_Thesis,
    author = "Chi Yang Ph.D. Thesis",
    title = "{\url{https://drupal.star.bnl.gov/STAR/system/files/BES_Dielectron_Note_091818.pdf}}",
}
@article{PhysRevD.86.072013,
  title = {Measurements of ${D}^{0}$ and ${D}^{\mathbf{*}}$ production in $p\mathbf{+}p$ collisions at $\sqrt{s}\mathbf{=}200\text{ }\text{ }\mathrm{GeV}$},
  author = {Adamczyk, L. and Agakishiev, G. and Aggarwal, M. M. and Ahammed, Z. and Alakhverdyants, A. V. and Alekseev, I. and Alford, J. and Anderson, B. D. and Anson, C. D. and Arkhipkin, D. and Aschenauer, E. and Averichev, G. S. and Balewski, J. and Banerjee, A. and Barnovska, Z. and Beavis, D. R. and Bellwied, R. and Betancourt, M. J. and Betts, R. R. and Bhasin, A. and Bhati, A. K. and Bichsel, H. and Bielcik, J. and Bielcikova, J. and Bland, L. C. and Bordyuzhin, I. G. and Borowski, W. and Bouchet, J. and Brandin, A. V. and Brovko, S. G. and Bruna, E. and Bueltmann, S. and Bunzarov, I. and Burton, T. P. and Butterworth, J. and Cai, X. Z. and Caines, H. and Calder\'on de la Barca S\'anchez, M. and Cebra, D. and Cendejas, R. and Cervantes, M. C. and Chaloupka, P. and Chattopadhyay, S. and Chen, H. F. and Chen, J. H. and Chen, J. Y. and Chen, L. and Cheng, J. and Cherney, M. and Chikanian, A. and Christie, W. and Chung, P. and Chwastowski, J. and Codrington, M. J. M. and Corliss, R. and Cramer, J. G. and Crawford, H. J. and Cui, X. and Davila Leyva, A. and De Silva, L. C. and Debbe, R. R. and Dedovich, T. G. and Deng, J. and Derradi de Souza, R. and Dhamija, S. and Didenko, L. and Ding, F. and Dion, A. and Djawotho, P. and Dong, X. and Drachenberg, J. L. and Draper, J. E. and Du, C. M. and Dunkelberger, L. E. and Dunlop, J. C. and Efimov, L. G. and Elnimr, M. and Engelage, J. and Eppley, G. and Eun, L. and Evdokimov, O. and Fatemi, R. and Fazio, S. and Fedorisin, J. and Fersch, R. G. and Filip, P. and Finch, E. and Fisyak, Y. and Gagliardi, C. A. and Gangadharan, D. R. and Geurts, F. and Gliske, S. and Gorbunov, Y. N. and Grebenyuk, O. G. and Grosnick, D. and Gupta, S. and Guryn, W. and Haag, B. and Hajkova, O. and Hamed, A. and Han, L-X. and Harris, J. W. and Hays-Wehle, J. P. and Heppelmann, S. and Hirsch, A. and Hoffmann, G. W. and Hofman, D. J. and Horvat, S. and Huang, B. and Huang, H. Z. and Huck, P. and Humanic, T. J. and Huo, L. and Igo, G. and Jacobs, W. W. and Jena, C. and Joseph, J. and Judd, E. G. and Kabana, S. and Kang, K. and Kapitan, J. and Kauder, K. and Ke, H. W. and Keane, D. and Kechechyan, A. and Kesich, A. and Kettler, D. and Kikola, D. P. and Kiryluk, J. and Kisiel, A. and Kizka, V. and Klein, S. R. and Koetke, D. D. and Kollegger, T. and Konzer, J. and Koralt, I. and Koroleva, L. and Korsch, W. and Kotchenda, L. and Kravtsov, P. and Krueger, K. and Kumar, L. and Lamont, M. A. C. and Landgraf, J. M. and LaPointe, S. and Lauret, J. and Lebedev, A. and Lednicky, R. and Lee, J. H. and Leight, W. and LeVine, M. J. and Li, C. and Li, L. and Li, W. and Li, X. and Li, X. and Li, Y. and Li, Z. M. and Lima, L. M. and Lisa, M. A. and Liu, F. and Ljubicic, T. and Llope, W. J. and Longacre, R. S. and Lu, Y. and Luo, X. and Luszczak, A. and Ma, G. L. and Ma, Y. G. and Madagodagettige Don, D. M. M. D. and Mahapatra, D. P. and Majka, R. and Mall, O. I. and Margetis, S. and Markert, C. and Masui, H. and Matis, H. S. and McDonald, D. and McShane, T. S. and Mioduszewski, S. and Mitrovski, M. K. and Mohammed, Y. and Mohanty, B. and Morozov, B. and Munhoz, M. G. and Mustafa, M. K. and Naglis, M. and Nandi, B. K. and Nasim, Md. and Nayak, T. K. and Nogach, L. V. and Novak, J. and Odyniec, G. and Ogawa, A. and Oh, K. and Ohlson, A. and Okorokov, V. and Oldag, E. W. and Oliveira, R. A. N. and Olson, D. and Ostrowski, P. and Pachr, M. and Page, B. S. and Pal, S. K. and Pan, Y. X. and Pandit, Y. and Panebratsev, Y. and Pawlak, T. and Pawlik, B. and Pei, H. and Perkins, C. and Peryt, W. and Pile, P. and Planinic, M. and Pluta, J. and Plyku, D. and Poljak, N. and Porter, J. and Poskanzer, A. M. and Powell, C. B. and Prindle, D. and Pruneau, C. and Pruthi, N. K. and Przybycien, M. and Pujahari, P. R. and Putschke, J. and Qiu, H. and Raniwala, R. and Raniwala, S. and Ray, R. L. and Redwine, R. and Reed, R. and Riley, C. K. and Ritter, H. G. and Roberts, J. B. and Rogachevskiy, O. V. and Romero, J. L. and Ross, J. F. and Ruan, L. and Rusnak, J. and Sahoo, N. R. and Sakrejda, I. and Salur, S. and Sandacz, A. and Sandweiss, J. and Sangaline, E. and Sarkar, A. and Schambach, J. and Scharenberg, R. P. and Schmah, A. M. and Schmidke, B. and Schmitz, N. and Schuster, T. R. and Seele, J. and Seger, J. and Seyboth, P. and Shah, N. and Shahaliev, E. and Shao, M. and Sharma, B. and Sharma, M. and Shi, S. S. and Shou, Q. Y. and Sichtermann, E. P. and Singaraju, R. N. and Skoby, M. J. and Smirnov, D. and Smirnov, N. and Solanki, D. and Sorensen, P. and deSouza, U. G. and Spinka, H. M. and Srivastava, B. and Stanislaus, T. D. S. and Steadman, S. G. and Stevens, J. R. and Stock, R. and Strikhanov, M. and Stringfellow, B. and Suaide, A. A. P. and Suarez, M. C. and Sumbera, M. and Sun, X. M. and Sun, Y. and Sun, Z. and Surrow, B. and Svirida, D. N. and Symons, T. J. M. and Szanto de Toledo, A. and Takahashi, J. and Tang, A. H. and Tang, Z. and Tarini, L. H. and Tarnowsky, T. and Thein, D. and Thomas, J. H. and Tian, J. and Timmins, A. R. and Tlusty, D. and Tokarev, M. and Trainor, T. A. and Trentalange, S. and Tribble, R. E. and Tribedy, P. and Trzeciak, B. A. and Tsai, O. D. and Turnau, J. and Ullrich, T. and Underwood, D. G. and Van Buren, G. and van Nieuwenhuizen, G. and Vanfossen, J. A. and Varma, R. and Vasconcelos, G. M. S. and Videb\ae{}k, F. and Viyogi, Y. P. and Vokal, S. and Voloshin, S. A. and Vossen, A. and Wada, M. and Wang, F. and Wang, G. and Wang, H. and Wang, J. S. and Wang, Q. and Wang, X. L. and Wang, Y. and Webb, G. and Webb, J. C. and Westfall, G. D. and Whitten, C. and Wieman, H. and Wissink, S. W. and Witt, R. and Witzke, W. and Wu, Y. F. and Xiao, Z. and Xie, W. and Xin, K. and Xu, H. and Xu, N. and Xu, Q. H. and Xu, W. and Xu, Y. and Xu, Z. and Xue, L. and Yang, Y. and Yang, Y. and Yepes, P. and Yi, Y. and Yip, K. and Yoo, I-K. and Zawisza, M. and Zbroszczyk, H. and Zhang, J. B. and Zhang, S. and Zhang, W. M. and Zhang, X. P. and Zhang, Y. and Zhang, Z. P. and Zhao, F. and Zhao, J. and Zhong, C. and Zhu, X. and Zhu, Y. H. and Zoulkarneeva, Y.},
  collaboration = {STAR Collaboration},
  journal = {Phys. Rev. D},
  volume = {86},
  issue = {7},
  pages = {072013},
  numpages = {14},
  year = {2012},
  month = {Oct},
  publisher = {American Physical Society},
  doi = {10.1103/PhysRevD.86.072013},
  url = {https://link.aps.org/doi/10.1103/PhysRevD.86.072013}
}


@Comment{jabref-meta: databaseType:biblatex;}
